
@ARTICLE{2022arXiv220905587G,
       author = {{Gil-Pons}, P. and {Doherty}, C.~L. and {Campbell}, S.~W. and {Guti{\'e}rrez}, J.},
        title = "{Nucleosynthetic yields of intermediate-mass primordial to extremely metal-poor stars}",
      journal = {arXiv e-prints},
     keywords = {Astrophysics - Solar and Stellar Astrophysics, Astrophysics - Astrophysics of Galaxies},
         year = 2022,
        month = sep,
          eid = {arXiv:2209.05587},
        pages = {arXiv:2209.05587},
archivePrefix = {arXiv},
       eprint = {2209.05587},
 primaryClass = {astro-ph.SR},
       adsurl = {https://ui.adsabs.harvard.edu/abs/2022arXiv220905587G},
      adsnote = {Provided by the SAO/NASA Astrophysics Data System}
}

@ARTICLE{weinberg+22,
       author = {{Weinberg}, David H. and {Holtzman}, Jon A. and {Johnson}, Jennifer A. and {Hayes}, Christian and {Hasselquist}, Sten and {Shetrone}, Matthew and {Ting}, Yuan-Sen and {Beaton}, Rachael L. and {Beers}, Timothy C. and {Bird}, Jonathan C. and {Bizyaev}, Dmitry and {Blanton}, Michael R. and {Cunha}, Katia and {Fern{\'a}ndez-Trincado}, Jos{\'e} G. and {Frinchaboy}, Peter M. and {Garc{\'\i}a-Hern{\'a}ndez}, D.~A. and {Griffith}, Emily and {Johnson}, James W. and {J{\"o}nsson}, Henrik and {Lane}, Richard R. and {Leung}, Henry W. and {Mackereth}, J. Ted and {Majewski}, Steven R. and {M{\'e}sz{\'a}ros}, Szabolcs and {Nitschelm}, Christian and {Pan}, Kaike and {Schiavon}, Ricardo P. and {Schneider}, Donald P. and {Schultheis}, Mathias and {Smith}, Verne and {Sobeck}, Jennifer S. and {Stassun}, Keivan G. and {Stringfellow}, Guy S. and {Vincenzo}, Fiorenzo and {Wilson}, John C. and {Zasowski}, Gail},
        title = "{Chemical Cartography with APOGEE: Mapping Disk Populations with a 2-process Model and Residual Abundances}",
      journal = {\apjs},
     keywords = {Milky Way disk, Galaxy chemical evolution, Stellar populations, 1050, 580, 1622, Astrophysics - Astrophysics of Galaxies},
         year = 2022,
        month = jun,
       volume = {260},
       number = {2},
          eid = {32},
        pages = {32},
          doi = {10.3847/1538-4365/ac6028},
archivePrefix = {arXiv},
       eprint = {2108.08860},
 primaryClass = {astro-ph.GA},
       adsurl = {https://ui.adsabs.harvard.edu/abs/2022ApJS..260...32W},
      adsnote = {Provided by the SAO/NASA Astrophysics Data System}
}

@ARTICLE{spitoni+22,
       author = {{Spitoni}, E. and {Recio-Blanco}, A. and {de Laverny}, P. and {Palicio}, P.~A. and {Kordopatis}, G. and {Schultheis}, M. and {Contursi}, G. and {Poggio}, E. and {Romano}, D. and {Matteucci}, F.},
        title = "{Beyond the two-infall model with Gaia DR3 $\alpha$-element abundances}",
      journal = {arXiv e-prints},
     keywords = {Astrophysics - Astrophysics of Galaxies},
         year = 2022,
        month = jun,
          eid = {arXiv:2206.12436},
        pages = {arXiv:2206.12436},
archivePrefix = {arXiv},
       eprint = {2206.12436},
 primaryClass = {astro-ph.GA},
       adsurl = {https://ui.adsabs.harvard.edu/abs/2022arXiv220612436S},
      adsnote = {Provided by the SAO/NASA Astrophysics Data System}
}

@ARTICLE{emily+22,
       author = {{Griffith}, Emily J. and {Weinberg}, David H. and {Buder}, Sven and {Johnson}, Jennifer A. and {Johnson}, James W. and {Vincenzo}, Fiorenzo},
        title = "{Residual Abundances in GALAH DR3: Implications for Nucleosynthesis and Identification of Unique Stellar Populations}",
      journal = {\apj},
     keywords = {Chemical abundances, Galactic abundances, Core-collapse supernovae, Type Ia supernovae, Asymptotic giant branch stars, 224, 2002, 304, 1728, 2100, Astrophysics - Astrophysics of Galaxies, Astrophysics - Solar and Stellar Astrophysics},
         year = 2022,
        month = may,
       volume = {931},
       number = {1},
          eid = {23},
        pages = {23},
          doi = {10.3847/1538-4357/ac5826},
archivePrefix = {arXiv},
       eprint = {2110.06240},
 primaryClass = {astro-ph.GA},
       adsurl = {https://ui.adsabs.harvard.edu/abs/2022ApJ...931...23G},
      adsnote = {Provided by the SAO/NASA Astrophysics Data System}
}

@ARTICLE{conroy+22,
       author = {{Conroy}, Charlie and {Weinberg}, David H. and {Naidu}, Rohan P. and {Buck}, Tobias and {Johnson}, James W. and {Cargile}, Phillip and {Bonaca}, Ana and {Caldwell}, Nelson and {Chandra}, Vedant and {Han}, Jiwon Jesse and {Johnson}, Benjamin D. and {Speagle}, Joshua S. and {Ting}, Yuan-Sen and {Woody}, Turner and {Zaritsky}, Dennis},
        title = "{Birth of the Galactic Disk Revealed by the H3 Survey}",
      journal = {arXiv e-prints},
     keywords = {Astrophysics - Astrophysics of Galaxies},
         year = 2022,
        month = apr,
          eid = {arXiv:2204.02989},
        pages = {arXiv:2204.02989},
archivePrefix = {arXiv},
       eprint = {2204.02989},
 primaryClass = {astro-ph.GA},
       adsurl = {https://ui.adsabs.harvard.edu/abs/2022arXiv220402989C},
      adsnote = {Provided by the SAO/NASA Astrophysics Data System}
}

@ARTICLE{sdss17,
       author = {{Abdurro'uf} and {Accetta}, Katherine and {Aerts}, Conny and
                 {Silva Aguirre}, V{\'\i}ctor and {Ahumada}, Romina and
                 {Ajgaonkar}, Nikhil and {Filiz Ak}, N. and {Alam}, Shadab and
                 {Allende Prieto}, Carlos and {Almeida}, Andr{\'e}s and
                 {Anders}, Friedrich and {Anderson}, Scott F. and {Andrews},
                 Brett H. and {Anguiano}, Borja and {Aquino-Ort{\'\i}z}, Erik
                 and {Arag{\'o}n-Salamanca}, Alfonso and
                 {Argudo-Fern{\'a}ndez}, Maria and {Ata}, Metin and {Aubert},
                 Marie and {Avila-Reese}, Vladimir and {Badenes}, Carles and
                 {Barb{\'a}}, Rodolfo H. and {Barger}, Kat and
                 {Barrera-Ballesteros}, Jorge K. and {Beaton}, Rachael L. and
                 {Beers}, Timothy C. and {Belfiore}, Francesco and {Bender},
                 Chad F. and {Bernardi}, Mariangela and {Bershady}, Matthew A.
                 and {Beutler}, Florian and {Bidin}, Christian Moni and {Bird},
                 Jonathan C. and {Bizyaev}, Dmitry and {Blanc}, Guillermo A.
                 and {Blanton}, Michael R. and {Boardman}, Nicholas Fraser and
                 {Bolton}, Adam S. and {Boquien}, M{\'e}d{\'e}ric and
                 {Borissova}, Jura and {Bovy}, Jo and {Brandt}, W.~N. and
                 {Brown}, Jordan and {Brownstein}, Joel R. and {Brusa},
                 Marcella and {Buchner}, Johannes and {Bundy}, Kevin and
                 {Burchett}, Joseph N. and {Bureau}, Martin and {Burgasser},
                 Adam and {Cabang}, Tuesday K. and {Campbell}, Stephanie and
                 {Cappellari}, Michele and {Carlberg}, Joleen K. and
                 {Wanderley}, F{\'a}bio Carneiro and {Carrera}, Ricardo and
                 {Cash}, Jennifer and {Chen}, Yan-Ping and {Chen}, Wei-Huai and
                 {Cherinka}, Brian and {Chiappini}, Cristina and {Choi}, Peter
                 Doohyun and {Chojnowski}, S. Drew and {Chung}, Haeun and
                 {Clerc}, Nicolas and {Cohen}, Roger E. and {Comerford}, Julia
                 M. and {Comparat}, Johan and {da Costa}, Luiz and {Covey},
                 Kevin and {Crane}, Jeffrey D. and {Cruz-Gonzalez}, Irene and
                 {Culhane}, Connor and {Cunha}, Katia and {Dai}, Y. Sophia and
                 {Damke}, Guillermo and {Darling}, Jeremy and {Davidson}, James
                 W., Jr. and {Davies}, Roger and {Dawson}, Kyle and {De Lee},
                 Nathan and {Diamond-Stanic}, Aleksandar M. and
                 {Cano-D{\'\i}az}, Mariana and {S{\'a}nchez}, Helena
                 Dom{\'\i}nguez and {Donor}, John and {Duckworth}, Chris and
                 {Dwelly}, Tom and {Eisenstein}, Daniel J. and {Elsworth},
                 Yvonne P. and {Emsellem}, Eric and {Eracleous}, Mike and
                 {Escoffier}, Stephanie and {Fan}, Xiaohui and {Farr}, Emily
                 and {Feng}, Shuai and {Fern{\'a}ndez-Trincado}, Jos{\'e} G.
                 and {Feuillet}, Diane and {Filipp}, Andreas and {Fillingham},
                 Sean P. and {Frinchaboy}, Peter M. and {Fromenteau}, Sebastien
                 and {Galbany}, Llu{\'\i}s and {Garc{\'\i}a}, Rafael A. and
                 {Garc{\'\i}a-Hern{\'a}ndez}, D.~A. and {Ge}, Junqiang and
                 {Geisler}, Doug and {Gelfand}, Joseph and {G{\'e}ron}, Tobias
                 and {Gibson}, Benjamin J. and {Goddy}, Julian and
                 {Godoy-Rivera}, Diego and {Grabowski}, Kathleen and {Green},
                 Paul J. and {Greener}, Michael and {Grier}, Catherine J. and
                 {Griffith}, Emily and {Guo}, Hong and {Guy}, Julien and
                 {Hadjara}, Massinissa and {Harding}, Paul and {Hasselquist},
                 Sten and {Hayes}, Christian R. and {Hearty}, Fred and
                 {Hern{\'a}ndez}, Jes{\'u}s and {Hill}, Lewis and {Hogg}, David
                 W. and {Holtzman}, Jon A. and {Horta}, Danny and {Hsieh},
                 Bau-Ching and {Hsu}, Chin-Hao and {Hsu}, Yun-Hsin and {Huber},
                 Daniel and {Huertas-Company}, Marc and {Hutchinson}, Brian and
                 {Hwang}, Ho Seong and {Ibarra-Medel}, H{\'e}ctor J. and
                 {Chitham}, Jacob Ider and {Ilha}, Gabriele S. and {Imig},
                 Julie and {Jaekle}, Will and {Jayasinghe}, Tharindu and {Ji},
                 Xihan and {Johnson}, Jennifer A. and {Jones}, Amy and
                 {J{\"o}nsson}, Henrik and {Katkov}, Ivan and {Khalatyan},
                 Arman, Dr. and {Kinemuchi}, Karen and {Kisku}, Shobhit and
                 {Knapen}, Johan H. and {Kneib}, Jean-Paul and {Kollmeier},
                 Juna A. and {Kong}, Miranda and {Kounkel}, Marina and
                 {Kreckel}, Kathryn and {Krishnarao}, Dhanesh and {Lacerna},
                 Ivan and {Lane}, Richard R. and {Langgin}, Rachel and
                 {Lavender}, Ramon and {Law}, David R. and {Lazarz}, Daniel and
                 {Leung}, Henry W. and {Leung}, Ho-Hin and {Lewis}, Hannah M.
                 and {Li}, Cheng and {Li}, Ran and {Lian}, Jianhui and {Liang},
                 Fu-Heng and {Lin}, Lihwai and {Lin}, Yen-Ting and {Lin},
                 Sicheng and {Lintott}, Chris and {Long}, Dan and
                 {Longa-Pe{\~n}a}, Pen{\'e}lope and {L{\'o}pez-Cob{\'a}},
                 Carlos and {Lu}, Shengdong and {Lundgren}, Britt F. and {Luo},
                 Yuanze and {Mackereth}, J. Ted and {de la Macorra}, Axel and
                 {Mahadevan}, Suvrath and {Majewski}, Steven R. and {Manchado},
                 Arturo and {Mandeville}, Travis and {Maraston}, Claudia and
                 {Margalef-Bentabol}, Berta and {Masseron}, Thomas and
                 {Masters}, Karen L. and {Mathur}, Savita and {McDermid},
                 Richard M. and {Mckay}, Myles and {Merloni}, Andrea and
                 {Merrifield}, Michael and {Meszaros}, Szabolcs and {Miglio},
                 Andrea and {Di Mille}, Francesco and {Minniti}, Dante and
                 {Minsley}, Rebecca and {Monachesi}, Antonela and {Moon},
                 Jeongin and {Mosser}, Benoit and {Mulchaey}, John and {Muna},
                 Demitri and {Mu{\~n}oz}, Ricardo R. and {Myers}, Adam D. and
                 {Myers}, Natalie and {Nadathur}, Seshadri and {Nair}, Preethi
                 and {Nandra}, Kirpal and {Neumann}, Justus and {Newman},
                 Jeffrey A. and {Nidever}, David L. and {Nikakhtar}, Farnik and
                 {Nitschelm}, Christian and {O'Connell}, Julia E. and
                 {Garma-Oehmichen}, Luis and {Luan Souza de Oliveira}, Gabriel
                 and {Olney}, Richard and {Oravetz}, Daniel and
                 {Ortigoza-Urdaneta}, Mario and {Osorio}, Yeisson and {Otter},
                 Justin and {Pace}, Zachary J. and {Padilla}, Nelson and {Pan},
                 Kaike and {Pan}, Hsi-An and {Parikh}, Taniya and {Parker},
                 James and {Peirani}, Sebastien and {Pe{\~n}a Ram{\'\i}rez},
                 Karla and {Penny}, Samantha and {Percival}, Will J. and
                 {Perez-Fournon}, Ismael and {Pinsonneault}, Marc and
                 {Poidevin}, Fr{\'e}d{\'e}rick and {Poovelil}, Vijith Jacob and
                 {Price-Whelan}, Adrian M. and {B{\'a}rbara de Andrade
                 Queiroz}, Anna and {Raddick}, M. Jordan and {Ray}, Amy and
    {Rembold}, Sandro Barboza and {Riddle}, Nicole and {Riffel}, Rogemar A. and
    {Riffel}, Rog{\'e}rio and {Rix}, Hans-Walter and {Robin}, Annie C. and
    {Rodr{\'\i}guez-Puebla}, Aldo and {Roman-Lopes}, Alexandre and
    {Rom{\'a}n-Z{\'u}{\~n}iga}, Carlos and {Rose}, Benjamin and {Ross}, Ashley
    J. and {Rossi}, Graziano and {Rubin}, Kate H.~R. and {Salvato}, Mara and
    {S{\'a}nchez}, Seb{\'a}stian F. and {S{\'a}nchez-Gallego}, Jos{\'e} R. and
    {Sanderson}, Robyn and {Santana Rojas}, Felipe Antonio and {Sarceno}, Edgar
    and {Sarmiento}, Regina and {Sayres}, Conor and {Sazonova}, Elizaveta and
    {Schaefer}, Adam L. and {Schiavon}, Ricardo and {Schlegel}, David J. and
    {Schneider}, Donald P. and {Schultheis}, Mathias and {Schwope}, Axel and
    {Serenelli}, Aldo and {Serna}, Javier and {Shao}, Zhengyi and {Shapiro},
    Griffin and {Sharma}, Anubhav and {Shen}, Yue and {Shetrone}, Matthew and
    {Shu}, Yiping and {Simon}, Joshua D.  and {Skrutskie}, M.~F. and
    {Smethurst}, Rebecca and {Smith}, Verne and {Sobeck}, Jennifer and {Spoo},
    Taylor and {Sprague}, Dani and {Stark}, David V. and {Stassun}, Keivan G.
    and {Steinmetz}, Matthias and {Stello}, Dennis and {Stone-Martinez},
    Alexander and {Storchi-Bergmann}, Thaisa and {Stringfellow}, Guy S. and
    {Stutz}, Amelia and {Su}, Yung-Chau and {Taghizadeh-Popp}, Manuchehr and
    {Talbot}, Michael S. and {Tayar}, Jamie and {Telles}, Eduardo and {Teske},
    Johanna and {Thakar}, Ani and {Theissen}, Christopher and {Tkachenko},
    Andrew and {Thomas}, Daniel and {Tojeiro}, Rita and {Hernandez Toledo},
    Hector and {Troup}, Nicholas W. and {Trump}, Jonathan R. and {Trussler},
    James and {Turner}, Jacqueline and {Tuttle}, Sarah and {Unda-Sanzana},
    Eduardo and {V{\'a}zquez-Mata}, Jos{\'e} Antonio and {Valentini}, Marica
    and {Valenzuela}, Octavio and {Vargas-Gonz{\'a}lez}, Jaime and
    {Vargas-Maga{\~n}a}, Mariana and {Alfaro}, Pablo Vera and {Villanova},
    Sandro and {Vincenzo}, Fiorenzo and {Wake}, David and {Warfield}, Jack T.
    and {Washington}, Jessica Diane and {Weaver}, Benjamin Alan and {Weijmans},
    Anne-Marie and {Weinberg}, David H. and {Weiss}, Achim and {Westfall}, Kyle
    B. and {Wild}, Vivienne and {Wilde}, Matthew C. and {Wilson}, John C. and
    {Wilson}, Robert F. and {Wilson}, Mikayla and {Wolf}, Julien and
    {Wood-Vasey}, W.~M. and {Yan}, Renbin and {Zamora}, Olga and {Zasowski},
    Gail and {Zhang}, Kai and {Zhao}, Cheng and {Zheng}, Zheng and {Zheng},
    Zheng and {Zhu}, Kai},
        title = "{The Seventeenth Data Release of the Sloan Digital Sky Surveys: Complete Release of MaNGA, MaStar, and APOGEE-2 Data}",
      journal = {\apjs},
     keywords = {Astronomy data acquisition, Astronomy databases, Surveys, 1860, 83, 1671, Astrophysics - Astrophysics of Galaxies, Astrophysics - Instrumentation and Methods for Astrophysics},
         year = 2022,
        month = apr,
       volume = {259},
       number = {2},
          eid = {35},
        pages = {35},
          doi = {10.3847/1538-4365/ac4414},
archivePrefix = {arXiv},
       eprint = {2112.02026},
 primaryClass = {astro-ph.GA},
       adsurl = {https://ui.adsabs.harvard.edu/abs/2022ApJS..259...35A},
      adsnote = {Provided by the SAO/NASA Astrophysics Data System}
}

@ARTICLE{2022MNRAS.510.4436M,
       author = {{M{\'e}ndez-Delgado}, J.~E. and {Amayo}, A. and {Arellano-C{\'o}rdova}, K.~Z. and {Esteban}, C. and {Garc{\'\i}a-Rojas}, J. and {Carigi}, L. and {Delgado-Inglada}, G.},
        title = "{Gradients of chemical abundances in the Milky Way from H II regions: distances derived from Gaia EDR3 parallaxes and temperature inhomogeneities}",
      journal = {\mnras},
     keywords = {stars: distances, ISM: abundances, ISM: H II regions, Galaxy: abundances, Galaxy: disc, Galaxy: evolution, Astrophysics - Astrophysics of Galaxies},
         year = 2022,
        month = mar,
       volume = {510},
       number = {3},
        pages = {4436-4455},
          doi = {10.1093/mnras/stab3782},
archivePrefix = {arXiv},
       eprint = {2112.12600},
 primaryClass = {astro-ph.GA},
       adsurl = {https://ui.adsabs.harvard.edu/abs/2022MNRAS.510.4436M},
      adsnote = {Provided by the SAO/NASA Astrophysics Data System}
}

@ARTICLE{james+23,
       author = {{Johnson}, James W. and {Weinberg}, David H. and {Vincenzo}, Fiorenzo and {Bird}, Jonathan C. and {Griffith}, Emily J.},
        title = "{Empirical constraints on the nucleosynthesis of nitrogen}",
      journal = {\mnras},
     keywords = {methods: numerical, galaxies: abundances, galaxies: evolution, galaxies: star formation, galaxies: stellar content, Astrophysics - Astrophysics of Galaxies, Astrophysics - Solar and Stellar Astrophysics},
         year = 2023,
        month = mar,
       volume = {520},
       number = {1},
        pages = {782-803},
          doi = {10.1093/mnras/stad057},
archivePrefix = {arXiv},
       eprint = {2202.04666},
 primaryClass = {astro-ph.GA},
       adsurl = {https://ui.adsabs.harvard.edu/abs/2023MNRAS.520..782J},
      adsnote = {Provided by the SAO/NASA Astrophysics Data System}
}

@ARTICLE{2021ApJ...923...65F,
       author = {{Feldmeier-Krause}, A. and {Lonoce}, I. and {Freedman}, W.~L.},
        title = "{Stellar Population and Elemental Abundance Gradients of Early-type Galaxies}",
      journal = {\apj},
     keywords = {574, 456, 621, Astrophysics - Astrophysics of Galaxies},
         year = 2021,
        month = dec,
       volume = {923},
       number = {1},
          eid = {65},
        pages = {65},
          doi = {10.3847/1538-4357/ac281e},
archivePrefix = {arXiv},
       eprint = {2110.02860},
 primaryClass = {astro-ph.GA},
       adsurl = {https://ui.adsabs.harvard.edu/abs/2021ApJ...923...65F},
      adsnote = {Provided by the SAO/NASA Astrophysics Data System}
}

@ARTICLE{james+21,
       author = {{Johnson}, James W. and {Weinberg}, David H. and {Vincenzo}, Fiorenzo and {Bird}, Jonathan C. and {Loebman}, Sarah R. and {Brooks}, Alyson M. and {Quinn}, Thomas R. and {Christensen}, Charlotte R. and {Griffith}, Emily J.},
        title = "{Stellar migration and chemical enrichment in the milky way disc: a hybrid model}",
      journal = {\mnras},
     keywords = {methods: numerical, galaxies: abundances, galaxies: evolution, galaxies: star formation, galaxies: stellar content, Astrophysics - Astrophysics of Galaxies},
         year = 2021,
        month = dec,
       volume = {508},
       number = {3},
        pages = {4484-4511},
          doi = {10.1093/mnras/stab2718},
archivePrefix = {arXiv},
       eprint = {2103.09838},
 primaryClass = {astro-ph.GA},
       adsurl = {https://ui.adsabs.harvard.edu/abs/2021MNRAS.508.4484J},
      adsnote = {Provided by the SAO/NASA Astrophysics Data System}
}

@ARTICLE{emily+21,
       author = {{Griffith}, Emily J. and {Sukhbold}, Tuguldur and {Weinberg}, David H. and {Johnson}, Jennifer A. and {Johnson}, James W. and {Vincenzo}, Fiorenzo},
        title = "{The Impact of Black Hole Formation on Population-averaged Supernova Yields}",
      journal = {\apj},
     keywords = {Core-collapse supernovae, Nucleosynthesis, Stellar nucleosynthesis, Abundance ratios, Stellar abundances, Stellar mass black holes, 304, 1131, 1616, 11, 1577, 1611, Astrophysics - Solar and Stellar Astrophysics, Astrophysics - Astrophysics of Galaxies},
         year = 2021,
        month = nov,
       volume = {921},
       number = {1},
          eid = {73},
        pages = {73},
          doi = {10.3847/1538-4357/ac1bac},
archivePrefix = {arXiv},
       eprint = {2103.09837},
 primaryClass = {astro-ph.SR},
       adsurl = {https://ui.adsabs.harvard.edu/abs/2021ApJ...921...73G},
      adsnote = {Provided by the SAO/NASA Astrophysics Data System}
}

@ARTICLE{vincenzo+21,
       author = {{Vincenzo}, Fiorenzo and {Weinberg}, David H. and {Montalb{\'a}n}, Josefina and {Miglio}, Andrea and {Khan}, Saniya and {Griffith}, Emily J. and {Hasselquist}, Sten and {Johnson}, James W. and {Johnson}, Jennifer A. and {Nitschelm}, Christian and {Pinsonneault}, Marc H.},
        title = "{CNO dredge-up in a sample of APOGEE/Kepler red giants: Tests of stellar models and Galactic evolutionary trends of N/O and C/N}",
      journal = {arXiv e-prints},
     keywords = {Astrophysics - Astrophysics of Galaxies, Astrophysics - Solar and Stellar Astrophysics},
         year = 2021,
        month = jun,
          eid = {arXiv:2106.03912},
        pages = {arXiv:2106.03912},
archivePrefix = {arXiv},
       eprint = {2106.03912},
 primaryClass = {astro-ph.GA},
       adsurl = {https://ui.adsabs.harvard.edu/abs/2021arXiv210603912V},
      adsnote = {Provided by the SAO/NASA Astrophysics Data System}
}

@ARTICLE{bird+21,
       author = {{Bird}, Jonathan C. and {Loebman}, Sarah R. and {Weinberg}, David H. and {Brooks}, Alyson M. and {Quinn}, Thomas R. and {Christensen}, Charlotte R.},
        title = "{Inside out and upside-down: The roles of gas cooling and dynamical heating in shaping the stellar age-velocity relation}",
      journal = {\mnras},
     keywords = {stars: kinematics and dynamics, ISM: kinematics and dynamics, Galaxy: evolution, galaxies: evolution, galaxies: ISM, stars: formation, Astrophysics - Astrophysics of Galaxies},
         year = 2021,
        month = may,
       volume = {503},
       number = {2},
        pages = {1815-1827},
          doi = {10.1093/mnras/stab289},
archivePrefix = {arXiv},
       eprint = {2005.12948},
 primaryClass = {astro-ph.GA},
       adsurl = {https://ui.adsabs.harvard.edu/abs/2021MNRAS.503.1815B},
      adsnote = {Provided by the SAO/NASA Astrophysics Data System}
}

@ARTICLE{miglio+21,
       author = {{Miglio}, A. and {Chiappini}, C. and {Mackereth}, J.~T. and {Davies}, G.~R. and {Brogaard}, K. and {Casagrande}, L. and {Chaplin}, W.~J. and {Girardi}, L. and {Kawata}, D. and {Khan}, S. and {Izzard}, R. and {Montalb{\'a}n}, J. and {Mosser}, B. and {Vincenzo}, F. and {Bossini}, D. and {Noels}, A. and {Rodrigues}, T. and {Valentini}, M. and {Mandel}, I.},
        title = "{Age dissection of the Milky Way discs: Red giants in the Kepler field}",
      journal = {\aap},
     keywords = {Galaxy: evolution, Galaxy: stellar content, Galaxy: structure, stars: late-type, stars: mass-loss, asteroseismology, Astrophysics - Astrophysics of Galaxies, Astrophysics - Solar and Stellar Astrophysics},
         year = 2021,
        month = jan,
       volume = {645},
          eid = {A85},
        pages = {A85},
          doi = {10.1051/0004-6361/202038307},
archivePrefix = {arXiv},
       eprint = {2004.14806},
 primaryClass = {astro-ph.GA},
       adsurl = {https://ui.adsabs.harvard.edu/abs/2021A&A...645A..85M},
      adsnote = {Provided by the SAO/NASA Astrophysics Data System}
}

@ARTICLE{ARM20,
       author = {{Amard}, Louis and {Roquette}, Julia and {Matt}, Sean P.},
        title = "{Evidence for metallicity-dependent spin evolution in the Kepler field}",
      journal = {\mnras},
     keywords = {stars: abundances, stars: evolution, stars: fundamental parameters, stars: low-mass, stars: rotation, Astrophysics - Solar and Stellar Astrophysics, Astrophysics - Astrophysics of Galaxies},
         year = 2020,
        month = dec,
       volume = {499},
       number = {3},
        pages = {3481-3493},
          doi = {10.1093/mnras/staa3038},
archivePrefix = {arXiv},
       eprint = {2009.11785},
 primaryClass = {astro-ph.SR},
       adsurl = {https://ui.adsabs.harvard.edu/abs/2020MNRAS.499.3481A},
      adsnote = {Provided by the SAO/NASA Astrophysics Data System}
}

@ARTICLE{JW20,
       author = {{Johnson}, James W. and {Weinberg}, David H.},
        title = "{The impact of starbursts on element abundance ratios}",
      journal = {\mnras},
     keywords = {methods: numerical, galaxies: abundances, galaxies: evolution, galaxies: star formation, galaxies: stellar content, Astrophysics - Astrophysics of Galaxies},
         year = 2020,
        month = oct,
       volume = {498},
       number = {1},
        pages = {1364-1381},
          doi = {10.1093/mnras/staa2431},
archivePrefix = {arXiv},
       eprint = {1911.02598},
 primaryClass = {astro-ph.GA},
       adsurl = {https://ui.adsabs.harvard.edu/abs/2020MNRAS.498.1364J},
      adsnote = {Provided by the SAO/NASA Astrophysics Data System}
}

@ARTICLE{AEG20,
       author = {{Arellano-C{\'o}rdova}, K.~Z. and {Esteban}, C. and {Garc{\'\i}a-Rojas}, J. and {M{\'e}ndez-Delgado}, J.~E.},
        title = "{The Galactic radial abundance gradients of C, N, O, Ne, S, Cl, and Ar from deep spectra of H II regions}",
      journal = {\mnras},
     keywords = {H ii regions, Galaxy: abundances, ISM: abundances, Galaxy: disc, Astrophysics - Astrophysics of Galaxies},
         year = 2020,
        month = aug,
       volume = {496},
       number = {2},
        pages = {1051-1076},
          doi = {10.1093/mnras/staa1523},
archivePrefix = {arXiv},
       eprint = {2005.11372},
 primaryClass = {astro-ph.GA},
       adsurl = {https://ui.adsabs.harvard.edu/abs/2020MNRAS.496.1051A},
      adsnote = {Provided by the SAO/NASA Astrophysics Data System}
}

@ARTICLE{VK20,
       author = {{Vincenzo}, Fiorenzo and {Kobayashi}, Chiaki},
        title = "{Stellar migrations and metal flows - Chemical evolution of the thin disc of a simulated Milky Way analogous galaxy}",
      journal = {\mnras},
     keywords = {stars: abundances, galaxies: abundances, ISM: abundances, galaxies: evolution, Astrophysics - Astrophysics of Galaxies},
         year = 2020,
        month = jul,
       volume = {496},
       number = {1},
        pages = {80-94},
          doi = {10.1093/mnras/staa1451},
archivePrefix = {arXiv},
       eprint = {2004.08050},
 primaryClass = {astro-ph.GA},
       adsurl = {https://ui.adsabs.harvard.edu/abs/2020MNRAS.496...80V},
      adsnote = {Provided by the SAO/NASA Astrophysics Data System}
}

@ARTICLE{skillman+20,
       author = {{Skillman}, Evan D. and {Berg}, Danielle A. and {Pogge}, Richard W. and {Moustakas}, John and {Rogers}, Noah S.~J. and {Croxall}, Kevin V.},
        title = "{CHAOS V: Recombination Line Carbon Abundances in M 101}",
      journal = {\apj},
     keywords = {Interstellar medium, H II regions, Chemical abundances, Spiral galaxies, 847, 694, 224, 1560, Astrophysics - Astrophysics of Galaxies},
         year = 2020,
        month = may,
       volume = {894},
       number = {2},
          eid = {138},
        pages = {138},
          doi = {10.3847/1538-4357/ab86ae},
archivePrefix = {arXiv},
       eprint = {2004.10765},
 primaryClass = {astro-ph.GA},
       adsurl = {https://ui.adsabs.harvard.edu/abs/2020ApJ...894..138S},
      adsnote = {Provided by the SAO/NASA Astrophysics Data System}
}

@ARTICLE{HLA20,
       author = {{Holland-Ashford}, Tyler and {Lopez}, Laura A. and {Auchettl}, Katie},
        title = "{Asymmetries of Heavy Elements in the Young Supernova Remnant Cassiopeia A}",
      journal = {\apj},
     keywords = {Supernova remnants, Neutron stars, Spectroscopy, X-ray telescopes, X-ray observatories, Astronomy data modeling, Core-collapse supernovae, 1667, 1108, 1558, 1825, 1819, 1859, 304, Astrophysics - High Energy Astrophysical Phenomena},
         year = 2020,
        month = feb,
       volume = {889},
       number = {2},
          eid = {144},
        pages = {144},
          doi = {10.3847/1538-4357/ab64e4},
archivePrefix = {arXiv},
       eprint = {1904.06357},
 primaryClass = {astro-ph.HE},
       adsurl = {https://ui.adsabs.harvard.edu/abs/2020ApJ...889..144H},
      adsnote = {Provided by the SAO/NASA Astrophysics Data System}
}

@ARTICLE{emily+19,
       author = {{Griffith}, Emily and {Johnson}, Jennifer A. and {Weinberg}, David H.},
        title = "{Abundance Ratios in GALAH DR2 and Their Implications for Nucleosynthesis}",
      journal = {\apj},
     keywords = {Galaxy abundances, Stellar abundances, Nucleosynthesis, Stellar nucleosynthesis, 574, 1577, 1131, 1616, Astrophysics - Solar and Stellar Astrophysics, Astrophysics - Astrophysics of Galaxies},
         year = 2019,
        month = dec,
       volume = {886},
       number = {2},
          eid = {84},
        pages = {84},
          doi = {10.3847/1538-4357/ab4b5d},
archivePrefix = {arXiv},
       eprint = {1908.06113},
 primaryClass = {astro-ph.SR},
       adsurl = {https://ui.adsabs.harvard.edu/abs/2019ApJ...886...84G},
      adsnote = {Provided by the SAO/NASA Astrophysics Data System}
}

@ARTICLE{ness+19,
       author = {{Ness}, M.~K. and {Johnston}, K.~V. and {Blancato}, K. and {Rix}, H. -W. and {Beane}, A. and {Bird}, J.~C. and {Hawkins}, K.},
        title = "{In the Galactic Disk, Stellar [Fe/H] and Age Predict Orbits and Precise [X/Fe]}",
      journal = {\apj},
     keywords = {Milky Way disk, Milky Way evolution, Milky Way formation, Milky Way Galaxy, 1050, 1052, 1053, 1054, Astrophysics - Solar and Stellar Astrophysics, Astrophysics - Astrophysics of Galaxies},
         year = 2019,
        month = oct,
       volume = {883},
       number = {2},
          eid = {177},
        pages = {177},
          doi = {10.3847/1538-4357/ab3e3c},
archivePrefix = {arXiv},
       eprint = {1907.10606},
 primaryClass = {astro-ph.SR},
       adsurl = {https://ui.adsabs.harvard.edu/abs/2019ApJ...883..177N},
      adsnote = {Provided by the SAO/NASA Astrophysics Data System}
}

@ARTICLE{yan+19,
       author = {{Yan}, Y.~T. and {Zhang}, J.~S. and {Henkel}, C. and {Mufakharov}, T. and {Jia}, L.~W. and {Tang}, X.~D. and {Wu}, Y.~J. and {Li}, J. and {Zeng}, Z.~A. and {Wang}, Y.~X. and {Li}, Y.~Q. and {Huang}, J. and {Jian}, J.~M.},
        title = "{A Systematic TMRT Observational Study of Galactic $^{12}$C/$^{13}$C Ratios from Formaldehyde}",
      journal = {\apj},
     keywords = {Galaxy: evolution, Hii regions, ISM: abundances, Astrophysics - Astrophysics of Galaxies},
         year = 2019,
        month = jun,
       volume = {877},
       number = {2},
          eid = {154},
        pages = {154},
          doi = {10.3847/1538-4357/ab17d6},
archivePrefix = {arXiv},
       eprint = {1904.04108},
 primaryClass = {astro-ph.GA},
       adsurl = {https://ui.adsabs.harvard.edu/abs/2019ApJ...877..154Y},
      adsnote = {Provided by the SAO/NASA Astrophysics Data System}
}

@ARTICLE{esteban+19,
       author = {{Esteban}, C. and {Garc{\'\i}a-Rojas}, J. and {Arellano-C{\'o}rdova}, K.~Z. and {M{\'e}ndez-Delgado}, J.~E.},
        title = "{Galactic abundance gradients from deep spectra of HII regions}",
      journal = {arXiv e-prints},
     keywords = {Astrophysics - Astrophysics of Galaxies, Astrophysics - Solar and Stellar Astrophysics},
         year = 2019,
        month = may,
          eid = {arXiv:1905.10129},
        pages = {arXiv:1905.10129},
archivePrefix = {arXiv},
       eprint = {1905.10129},
 primaryClass = {astro-ph.GA},
       adsurl = {https://ui.adsabs.harvard.edu/abs/2019arXiv190510129E},
      adsnote = {Provided by the SAO/NASA Astrophysics Data System}
}

@ARTICLE{berg+19,
       author = {{Berg}, Danielle A. and {Erb}, Dawn K. and {Henry}, Richard B.~C. and {Skillman}, Evan D. and {McQuinn}, Kristen B.~W.},
        title = "{The Chemical Evolution of Carbon, Nitrogen, and Oxygen in Metal-poor Dwarf Galaxies}",
      journal = {\apj},
     keywords = {galaxies: abundances, galaxies: evolution, ISM: abundances, ultraviolet: galaxies, ultraviolet: ISM, Astrophysics - Astrophysics of Galaxies},
         year = 2019,
        month = mar,
       volume = {874},
       number = {1},
          eid = {93},
        pages = {93},
          doi = {10.3847/1538-4357/ab020a},
archivePrefix = {arXiv},
       eprint = {1901.08160},
 primaryClass = {astro-ph.GA},
       adsurl = {https://ui.adsabs.harvard.edu/abs/2019ApJ...874...93B},
      adsnote = {Provided by the SAO/NASA Astrophysics Data System}
}

@ARTICLE{weinberg+19,
       author = {{Weinberg}, David H. and {Holtzman}, Jon A. and {Hasselquist}, Sten and {Bird}, Jonathan C. and {Johnson}, Jennifer A. and {Shetrone}, Matthew and {Sobeck}, Jennifer and {Allende Prieto}, Carlos and {Bizyaev}, Dmitry and {Carrera}, Ricardo and {Cohen}, Roger E. and {Cunha}, Katia and {Ebelke}, Garrett and {Fernandez-Trincado}, J.~G. and {Garc{\'\i}a-Hern{\'a}ndez}, D.~A. and {Hayes}, Christian R. and {J{\"o}nsson}, Henrik and {Lane}, Richard R. and {Majewski}, Steven R. and {Malanushenko}, Viktor and {M{\'e}sz{\'a}ros}, Szabolcs and {Nidever}, David L. and {Nitschelm}, Christian and {Pan}, Kaike and {Rix}, Hans-Walter and {Rybizki}, Jan and {Schiavon}, Ricardo P. and {Schneider}, Donald P. and {Wilson}, John C. and {Zamora}, Olga},
        title = "{Chemical Cartography with APOGEE: Multi-element Abundance Ratios}",
      journal = {\apj},
     keywords = {Galaxy: abundances, Galaxy: disk, nuclear reactions, nucleosynthesis, abundances, stars: abundances, Astrophysics - Astrophysics of Galaxies},
         year = 2019,
        month = mar,
       volume = {874},
       number = {1},
          eid = {102},
        pages = {102},
          doi = {10.3847/1538-4357/ab07c7},
archivePrefix = {arXiv},
       eprint = {1810.12325},
 primaryClass = {astro-ph.GA},
       adsurl = {https://ui.adsabs.harvard.edu/abs/2019ApJ...874..102W},
      adsnote = {Provided by the SAO/NASA Astrophysics Data System}
}

@ARTICLE{hasselquist+19,
       author = {{Hasselquist}, Sten and {Holtzman}, Jon A. and {Shetrone}, Matthew and {Tayar}, Jamie and {Weinberg}, David H. and {Feuillet}, Diane and {Cunha}, Katia and {Pinsonneault}, Marc H. and {Johnson}, Jennifer A. and {Bird}, Jonathan and {Beers}, Timothy C. and {Schiavon}, Ricardo and {Minchev}, Ivan and {Fern{\'a}ndez-Trincado}, J.~G. and {Garc{\'\i}a-Hern{\'a}ndez}, D.~A. and {Nitschelm}, Christian and {Zamora}, Olga},
        title = "{APOGEE [C/N] Abundances across the Galaxy: Migration and Infall from Red Giant Ages}",
      journal = {\apj},
     keywords = {Galaxy: abundances, Galaxy: disk, Galaxy: evolution, Astrophysics - Astrophysics of Galaxies},
         year = 2019,
        month = feb,
       volume = {871},
       number = {2},
          eid = {181},
        pages = {181},
          doi = {10.3847/1538-4357/aaf859},
archivePrefix = {arXiv},
       eprint = {1812.05092},
 primaryClass = {astro-ph.GA},
       adsurl = {https://ui.adsabs.harvard.edu/abs/2019ApJ...871..181H},
      adsnote = {Provided by the SAO/NASA Astrophysics Data System}
}

@ARTICLE{CTL18,
       author = {{Chisholm}, J. and {Tremonti}, C. and {Leitherer}, C.},
        title = "{Metal-enriched galactic outflows shape the mass-metallicity relationship}",
      journal = {\mnras},
     keywords = {ISM: jets and outflows, galaxies: evolution, galaxies: formation, ultraviolet: ISM, Astrophysics - Astrophysics of Galaxies},
         year = 2018,
        month = dec,
       volume = {481},
       number = {2},
        pages = {1690-1706},
          doi = {10.1093/mnras/sty2380},
archivePrefix = {arXiv},
       eprint = {1808.10453},
 primaryClass = {astro-ph.GA},
       adsurl = {https://ui.adsabs.harvard.edu/abs/2018MNRAS.481.1690C},
      adsnote = {Provided by the SAO/NASA Astrophysics Data System}
}

@ARTICLE{PRG18,
       author = {{Philcox}, Oliver and {Rybizki}, Jan and {Gutcke}, Thales A.},
        title = "{On the Optimal Choice of Nucleosynthetic Yields, Initial Mass Function, and Number of SNe Ia for Chemical Evolution Modeling}",
      journal = {\apj},
     keywords = {Galaxy: evolution, methods: statistical, stars: fundamental parameters, stars: luminosity function, mass function, Sun: abundances, Astrophysics - Astrophysics of Galaxies, Astrophysics - Solar and Stellar Astrophysics},
         year = 2018,
        month = jul,
       volume = {861},
       number = {1},
          eid = {40},
        pages = {40},
          doi = {10.3847/1538-4357/aac6e4},
archivePrefix = {arXiv},
       eprint = {1712.05686},
 primaryClass = {astro-ph.GA},
       adsurl = {https://ui.adsabs.harvard.edu/abs/2018ApJ...861...40P},
      adsnote = {Provided by the SAO/NASA Astrophysics Data System}
}

@ARTICLE{LC18,
       author = {{Limongi}, Marco and {Chieffi}, Alessandro},
        title = "{Presupernova Evolution and Explosive Nucleosynthesis of Rotating Massive Stars in the Metallicity Range -3 {\ensuremath{\leq}} [Fe/H] {\ensuremath{\leq}} 0}",
      journal = {\apjs},
     keywords = {stars: evolution, stars: interiors, stars: massive, stars: rotation, supernovae: general, Astrophysics - Solar and Stellar Astrophysics, Astrophysics - High Energy Astrophysical Phenomena},
         year = 2018,
        month = jul,
       volume = {237},
       number = {1},
          eid = {13},
        pages = {13},
          doi = {10.3847/1538-4365/aacb24},
archivePrefix = {arXiv},
       eprint = {1805.09640},
 primaryClass = {astro-ph.SR},
       adsurl = {https://ui.adsabs.harvard.edu/abs/2018ApJS..237...13L},
      adsnote = {Provided by the SAO/NASA Astrophysics Data System}
}

@ARTICLE{karakas+18,
       author = {{Karakas}, Amanda I. and {Lugaro}, Maria and {Carlos}, Mar{\'\i}lia and {Cseh}, Borb{\'a}la and {Kamath}, Devika and {Garc{\'\i}a-Hern{\'a}ndez}, D.~A.},
        title = "{Heavy-element yields and abundances of asymptotic giant branch models with a Small Magellanic Cloud metallicity}",
      journal = {\mnras},
     keywords = {nuclear reactions, nucleosynthesis, abundances, stars: AGB and post-AGB, ISM: abundances, galaxies: abundances, Magellanic Clouds, Astrophysics - Solar and Stellar Astrophysics},
         year = 2018,
        month = jun,
       volume = {477},
       number = {1},
        pages = {421-437},
          doi = {10.1093/mnras/sty625},
archivePrefix = {arXiv},
       eprint = {1803.02028},
 primaryClass = {astro-ph.SR},
       adsurl = {https://ui.adsabs.harvard.edu/abs/2018MNRAS.477..421K},
      adsnote = {Provided by the SAO/NASA Astrophysics Data System}
}

@ARTICLE{prantzos+18,
       author = {{Prantzos}, N. and {Abia}, C. and {Limongi}, M. and {Chieffi}, A. and {Cristallo}, S.},
        title = "{Chemical evolution with rotating massive star yields - I. The solar neighbourhood and the s-process elements}",
      journal = {\mnras},
     keywords = {nuclear reactions, nucleosynthesis, abundances, stars: massive, stars: rotation, Galaxy: abundances, Galaxy: evolution, solar neighbourhood, Astrophysics - Astrophysics of Galaxies},
         year = 2018,
        month = may,
       volume = {476},
       number = {3},
        pages = {3432-3459},
          doi = {10.1093/mnras/sty316},
archivePrefix = {arXiv},
       eprint = {1802.02824},
 primaryClass = {astro-ph.GA},
       adsurl = {https://ui.adsabs.harvard.edu/abs/2018MNRAS.476.3432P},
      adsnote = {Provided by the SAO/NASA Astrophysics Data System}
}

@ARTICLE{ventura+18,
       author = {{Ventura}, P. and {Karakas}, A. and {Dell'Agli}, F. and {Garc{\'\i}a-Hern{\'a}ndez}, D.~A. and {Guzman-Ramirez}, L.},
        title = "{Gas and dust from solar metallicity AGB stars}",
      journal = {\mnras},
     keywords = {stars: abundances, stars: AGB and post-AGB, stars: carbon, Astrophysics - Solar and Stellar Astrophysics},
         year = 2018,
        month = apr,
       volume = {475},
       number = {2},
        pages = {2282-2305},
          doi = {10.1093/mnras/stx3338},
archivePrefix = {arXiv},
       eprint = {1712.08582},
 primaryClass = {astro-ph.SR},
       adsurl = {https://ui.adsabs.harvard.edu/abs/2018MNRAS.475.2282V},
      adsnote = {Provided by the SAO/NASA Astrophysics Data System}
}

@misc{OhioSupercomputerCenter1987,
ark = {ark:/19495/f5s1ph73},
url = {http://osc.edu/ark:/19495/f5s1ph73},
year  = {1987},
author = {{Ohio Supercomputer Center}},
title = {Ohio Supercomputer Center}
}

@Article{matplotlib,
  Author    = {Hunter, J. D.},
  Title     = {Matplotlib: A 2D graphics environment},
  Journal   = {Computing in Science \& Engineering},
  Volume    = {9},
  Number    = {3},
  Pages     = {90--95},
  abstract  = {Matplotlib is a 2D graphics package used for Python for
  application development, interactive scripting, and publication-quality
  image generation across user interfaces and operating systems.},
  publisher = {IEEE COMPUTER SOC},
  doi       = {10.1109/MCSE.2007.55},
  year      = 2007
}


@Article{numpy,
 title         = {Array programming with {NumPy}},
 author        = {Charles R. Harris and K. Jarrod Millman and St{\'{e}}fan J.
                 van der Walt and Ralf Gommers and Pauli Virtanen and David
                 Cournapeau and Eric Wieser and Julian Taylor and Sebastian
                 Berg and Nathaniel J. Smith and Robert Kern and Matti Picus
                 and Stephan Hoyer and Marten H. van Kerkwijk and Matthew
                 Brett and Allan Haldane and Jaime Fern{\'{a}}ndez del
                 R{\'{i}}o and Mark Wiebe and Pearu Peterson and Pierre
                 G{\'{e}}rard-Marchant and Kevin Sheppard and Tyler Reddy and
                 Warren Weckesser and Hameer Abbasi and Christoph Gohlke and
                 Travis E. Oliphant},
 year          = {2020},
 month         = sep,
 journal       = {Nature},
 volume        = {585},
 number        = {7825},
 pages         = {357--362},
 doi           = {10.1038/s41586-020-2649-2},
 publisher     = {Springer Science and Business Media {LLC}},
 url           = {https://doi.org/10.1038/s41586-020-2649-2}
}

@ARTICLE{rybizki+17,
       author = {{Rybizki}, Jan and {Just}, Andreas and {Rix}, Hans-Walter},
        title = "{Chempy: A flexible chemical evolution model for abundance fitting. Do the Sun's abundances alone constrain chemical evolution models?}",
      journal = {\aap},
     keywords = {methods: statistical, nuclear reactions, nucleosynthesis, abundances, stars: luminosity function, mass function, supernovae: general, Sun: abundances, Galaxy: evolution, Astrophysics - Astrophysics of Galaxies, Astrophysics - Instrumentation and Methods for Astrophysics, Astrophysics - Solar and Stellar Astrophysics},
         year = 2017,
        month = sep,
       volume = {605},
          eid = {A59},
        pages = {A59},
          doi = {10.1051/0004-6361/201730522},
archivePrefix = {arXiv},
       eprint = {1702.08729},
 primaryClass = {astro-ph.GA},
       adsurl = {https://ui.adsabs.harvard.edu/abs/2017A&A...605A..59R},
      adsnote = {Provided by the SAO/NASA Astrophysics Data System}
}

@ARTICLE{apogee17,
       author = {{Majewski}, Steven R. and {Schiavon}, Ricardo P. and {Frinchaboy}, Peter M. and {Allende Prieto}, Carlos and {Barkhouser}, Robert and {Bizyaev}, Dmitry and {Blank}, Basil and {Brunner}, Sophia and {Burton}, Adam and {Carrera}, Ricardo and {Chojnowski}, S. Drew and {Cunha}, K{\'a}tia and {Epstein}, Courtney and {Fitzgerald}, Greg and {Garc{\'\i}a P{\'e}rez}, Ana E. and {Hearty}, Fred R. and {Henderson}, Chuck and {Holtzman}, Jon A. and {Johnson}, Jennifer A. and {Lam}, Charles R. and {Lawler}, James E. and {Maseman}, Paul and {M{\'e}sz{\'a}ros}, Szabolcs and {Nelson}, Matthew and {Nguyen}, Duy Coung and {Nidever}, David L. and {Pinsonneault}, Marc and {Shetrone}, Matthew and {Smee}, Stephen and {Smith}, Verne V. and {Stolberg}, Todd and {Skrutskie}, Michael F. and {Walker}, Eric and {Wilson}, John C. and {Zasowski}, Gail and {Anders}, Friedrich and {Basu}, Sarbani and {Beland}, Stephane and {Blanton}, Michael R. and {Bovy}, Jo and {Brownstein}, Joel R. and {Carlberg}, Joleen and {Chaplin}, William and {Chiappini}, Cristina and {Eisenstein}, Daniel J. and {Elsworth}, Yvonne and {Feuillet}, Diane and {Fleming}, Scott W. and {Galbraith-Frew}, Jessica and {Garc{\'\i}a}, Rafael A. and {Garc{\'\i}a-Hern{\'a}ndez}, D. An{\'\i}bal and {Gillespie}, Bruce A. and {Girardi}, L{\'e}o and {Gunn}, James E. and {Hasselquist}, Sten and {Hayden}, Michael R. and {Hekker}, Saskia and {Ivans}, Inese and {Kinemuchi}, Karen and {Klaene}, Mark and {Mahadevan}, Suvrath and {Mathur}, Savita and {Mosser}, Beno{\^\i}t and {Muna}, Demitri and {Munn}, Jeffrey A. and {Nichol}, Robert C. and {O'Connell}, Robert W. and {Parejko}, John K. and {Robin}, A.~C. and {Rocha-Pinto}, Helio and {Schultheis}, Matthias and {Serenelli}, Aldo M. and {Shane}, Neville and {Silva Aguirre}, Victor and {Sobeck}, Jennifer S. and {Thompson}, Benjamin and {Troup}, Nicholas W. and {Weinberg}, David H. and {Zamora}, Olga},
        title = "{The Apache Point Observatory Galactic Evolution Experiment (APOGEE)}",
      journal = {\aj},
     keywords = {Galaxy: abundances, Galaxy: evolution, Galaxy: formation, Galaxy: kinematics and dynamics, Galaxy: stellar content, Galaxy: structure, Astrophysics - Instrumentation and Methods for Astrophysics, Astrophysics - Astrophysics of Galaxies},
         year = 2017,
        month = sep,
       volume = {154},
       number = {3},
          eid = {94},
        pages = {94},
          doi = {10.3847/1538-3881/aa784d},
archivePrefix = {arXiv},
       eprint = {1509.05420},
 primaryClass = {astro-ph.IM},
       adsurl = {https://ui.adsabs.harvard.edu/abs/2017AJ....154...94M},
      adsnote = {Provided by the SAO/NASA Astrophysics Data System}
}

@ARTICLE{cooke+17,
       author = {{Cooke}, Ryan J. and {Pettini}, Max and {Steidel}, Charles C.},
        title = "{Discovery of the most metal-poor damped Lyman-{\ensuremath{\alpha}} system}",
      journal = {\mnras},
     keywords = {quasars: absorption lines, ISM: abundances, stars: Population III, galaxies: dwarf, Astrophysics - Cosmology and Nongalactic Astrophysics, Astrophysics - Astrophysics of Galaxies},
         year = 2017,
        month = may,
       volume = {467},
       number = {1},
        pages = {802-811},
          doi = {10.1093/mnras/stx037},
archivePrefix = {arXiv},
       eprint = {1701.03103},
 primaryClass = {astro-ph.CO},
       adsurl = {https://ui.adsabs.harvard.edu/abs/2017MNRAS.467..802C},
      adsnote = {Provided by the SAO/NASA Astrophysics Data System}
}

@ARTICLE{WAF17,
       author = {{Weinberg}, David H. and {Andrews}, Brett H. and {Freudenburg}, Jenna},
        title = "{Equilibrium and Sudden Events in Chemical Evolution}",
      journal = {\apj},
     keywords = {galaxies: abundances, galaxies: evolution, Astrophysics - Astrophysics of Galaxies},
         year = 2017,
        month = mar,
       volume = {837},
       number = {2},
          eid = {183},
        pages = {183},
          doi = {10.3847/1538-4357/837/2/183},
archivePrefix = {arXiv},
       eprint = {1604.07435},
 primaryClass = {astro-ph.GA},
       adsurl = {https://ui.adsabs.harvard.edu/abs/2017ApJ...837..183W},
      adsnote = {Provided by the SAO/NASA Astrophysics Data System}
}

@ARTICLE{andrews+17,
       author = {{Andrews}, Brett H. and {Weinberg}, David H. and {Sch{\"o}nrich}, Ralph and {Johnson}, Jennifer A.},
        title = "{Inflow, Outflow, Yields, and Stellar Population Mixing in Chemical Evolution Models}",
      journal = {\apj},
     keywords = {galaxies: ISM, Galaxy: evolution, Galaxy: formation, Galaxy: general, Galaxy: stellar content, stars: abundances, Astrophysics - Astrophysics of Galaxies, Astrophysics - Solar and Stellar Astrophysics},
         year = 2017,
        month = feb,
       volume = {835},
       number = {2},
          eid = {224},
        pages = {224},
          doi = {10.3847/1538-4357/835/2/224},
archivePrefix = {arXiv},
       eprint = {1604.08613},
 primaryClass = {astro-ph.GA},
       adsurl = {https://ui.adsabs.harvard.edu/abs/2017ApJ...835..224A},
      adsnote = {Provided by the SAO/NASA Astrophysics Data System}
}

@ARTICLE{ji+16,
       author = {{Ji}, Alexander P. and {Frebel}, Anna and {Simon}, Joshua D. and {Chiti}, Anirudh},
        title = "{Complete Element Abundances of Nine Stars in the r-process Galaxy Reticulum II}",
      journal = {\apj},
     keywords = {galaxies: dwarf, galaxies: individual: Ret II, Local Group, nuclear reactions, nucleosynthesis, abundances, stars: abundances, Astrophysics - Astrophysics of Galaxies, Astrophysics - Solar and Stellar Astrophysics},
         year = 2016,
        month = oct,
       volume = {830},
       number = {2},
          eid = {93},
        pages = {93},
          doi = {10.3847/0004-637X/830/2/93},
archivePrefix = {arXiv},
       eprint = {1607.07447},
 primaryClass = {astro-ph.GA},
       adsurl = {https://ui.adsabs.harvard.edu/abs/2016ApJ...830...93J},
      adsnote = {Provided by the SAO/NASA Astrophysics Data System}
}

@ARTICLE{KL16,
       author = {{Karakas}, Amanda I. and {Lugaro}, Maria},
        title = "{Stellar Yields from Metal-rich Asymptotic Giant Branch Models}",
      journal = {\apj},
     keywords = {Galaxy: abundances, galaxies: abundances, ISM: abundances, nuclear reactions, nucleosynthesis, abundances, stars: AGB and post-AGB, stars: carbon, Astrophysics - Solar and Stellar Astrophysics, Astrophysics - Astrophysics of Galaxies},
         year = 2016,
        month = jul,
       volume = {825},
       number = {1},
          eid = {26},
        pages = {26},
          doi = {10.3847/0004-637X/825/1/26},
archivePrefix = {arXiv},
       eprint = {1604.02178},
 primaryClass = {astro-ph.SR},
       adsurl = {https://ui.adsabs.harvard.edu/abs/2016ApJ...825...26K},
      adsnote = {Provided by the SAO/NASA Astrophysics Data System}
}

@ARTICLE{sukhbold+16,
       author = {{Sukhbold}, Tuguldur and {Ertl}, T. and {Woosley}, S.~E. and {Brown}, Justin M. and {Janka}, H. -T.},
        title = "{Core-collapse Supernovae from 9 to 120 Solar Masses Based on Neutrino-powered Explosions}",
      journal = {\apj},
     keywords = {nuclear reactions, nucleosynthesis, abundances, stars: black holes, stars: massive, stars: neutron, supernovae: general, Astrophysics - High Energy Astrophysical Phenomena, Astrophysics - Solar and Stellar Astrophysics},
         year = 2016,
        month = apr,
       volume = {821},
       number = {1},
          eid = {38},
        pages = {38},
          doi = {10.3847/0004-637X/821/1/38},
archivePrefix = {arXiv},
       eprint = {1510.04643},
 primaryClass = {astro-ph.HE},
       adsurl = {https://ui.adsabs.harvard.edu/abs/2016ApJ...821...38S},
      adsnote = {Provided by the SAO/NASA Astrophysics Data System}
}

@ARTICLE{dopita+16,
       author = {{Dopita}, Michael A. and {Kewley}, Lisa J. and {Sutherland}, Ralph S. and {Nicholls}, David C.},
        title = "{Chemical abundances in high-redshift galaxies: a powerful new emission line diagnostic}",
      journal = {\apss},
     keywords = {Galaxies: high redshift, Galaxies: chemical abundances, HII regions, Emission lines, Astrophysics - Astrophysics of Galaxies, Astrophysics - Cosmology and Nongalactic Astrophysics},
         year = 2016,
        month = feb,
       volume = {361},
          eid = {61},
        pages = {61},
          doi = {10.1007/s10509-016-2657-8},
archivePrefix = {arXiv},
       eprint = {1601.01337},
 primaryClass = {astro-ph.GA},
       adsurl = {https://ui.adsabs.harvard.edu/abs/2016Ap&SS.361...61D},
      adsnote = {Provided by the SAO/NASA Astrophysics Data System}
}

@ARTICLE{MG15,
       author = {{Masseron}, T. and {Gilmore}, G.},
        title = "{Carbon, nitrogen and {\ensuremath{\alpha}}-element abundances determine the formation sequence of the Galactic thick and thin discs}",
      journal = {\mnras},
     keywords = {stars: abundances, stars: evolution, Galaxy: abundances, Galaxy: disc, Galaxy: evolution, Astrophysics - Solar and Stellar Astrophysics},
         year = 2015,
        month = oct,
       volume = {453},
       number = {2},
        pages = {1855-1866},
          doi = {10.1093/mnras/stv1731},
archivePrefix = {arXiv},
       eprint = {1503.00537},
 primaryClass = {astro-ph.SR},
       adsurl = {https://ui.adsabs.harvard.edu/abs/2015MNRAS.453.1855M},
      adsnote = {Provided by the SAO/NASA Astrophysics Data System}
}

@ARTICLE{cristallo+15,
       author = {{Cristallo}, S. and {Straniero}, O. and {Piersanti}, L. and {Gobrecht}, D.},
        title = "{Evolution, Nucleosynthesis, and Yields of AGB Stars at Different Metallicities. III. Intermediate-mass Models, Revised Low-mass Models, and the ph-FRUITY Interface}",
      journal = {\apjs},
     keywords = {nuclear reactions, nucleosynthesis, abundances, Stars: AGB and post-AGB, Astrophysics - Solar and Stellar Astrophysics},
         year = 2015,
        month = aug,
       volume = {219},
       number = {2},
          eid = {40},
        pages = {40},
          doi = {10.1088/0067-0049/219/2/40},
archivePrefix = {arXiv},
       eprint = {1507.07338},
 primaryClass = {astro-ph.SR},
       adsurl = {https://ui.adsabs.harvard.edu/abs/2015ApJS..219...40C},
      adsnote = {Provided by the SAO/NASA Astrophysics Data System}
}

@ARTICLE{hayden+15,
       author = {{Hayden}, Michael R. and {Bovy}, Jo and {Holtzman}, Jon A. and {Nidever}, David L. and {Bird}, Jonathan C. and {Weinberg}, David H. and {Andrews}, Brett H. and {Majewski}, Steven R. and {Allende Prieto}, Carlos and {Anders}, Friedrich and {Beers}, Timothy C. and {Bizyaev}, Dmitry and {Chiappini}, Cristina and {Cunha}, Katia and {Frinchaboy}, Peter and {Garc{\'\i}a-Her{\'n}andez}, D.~A. and {Garc{\'\i}a P{\'e}rez}, Ana E. and {Girardi}, L{\'e}o and {Harding}, Paul and {Hearty}, Fred R. and {Johnson}, Jennifer A. and {M{\'e}sz{\'a}ros}, Szabolcs and {Minchev}, Ivan and {O'Connell}, Robert and {Pan}, Kaike and {Robin}, Annie C. and {Schiavon}, Ricardo P. and {Schneider}, Donald P. and {Schultheis}, Mathias and {Shetrone}, Matthew and {Skrutskie}, Michael and {Steinmetz}, Matthias and {Smith}, Verne and {Wilson}, John C. and {Zamora}, Olga and {Zasowski}, Gail},
        title = "{Chemical Cartography with APOGEE: Metallicity Distribution Functions and the Chemical Structure of the Milky Way Disk}",
      journal = {\apj},
     keywords = {Galaxy: abundances, Galaxy: disk, Galaxy: evolution, Galaxy: stellar content, Galaxy: structure, Astrophysics - Astrophysics of Galaxies},
         year = 2015,
        month = aug,
       volume = {808},
       number = {2},
          eid = {132},
        pages = {132},
          doi = {10.1088/0004-637X/808/2/132},
archivePrefix = {arXiv},
       eprint = {1503.02110},
 primaryClass = {astro-ph.GA},
       adsurl = {https://ui.adsabs.harvard.edu/abs/2015ApJ...808..132H},
      adsnote = {Provided by the SAO/NASA Astrophysics Data System}
}

@ARTICLE{esteban+14,
       author = {{Esteban}, C. and {Garc{\'\i}a-Rojas}, J. and {Carigi}, L. and {Peimbert}, M. and {Bresolin}, F. and {L{\'o}pez-S{\'a}nchez}, A.~R. and {Mesa-Delgado}, A.},
        title = "{Carbon and oxygen abundances from recombination lines in low-metallicity star-forming galaxies. Implications for chemical evolution}",
      journal = {\mnras},
     keywords = {H II regions, galaxies: abundances, galaxies: dwarf, galaxies: evolution, galaxies: irregular, galaxies: ISM, Astrophysics - Astrophysics of Galaxies},
         year = 2014,
        month = sep,
       volume = {443},
       number = {1},
        pages = {624-647},
          doi = {10.1093/mnras/stu1177},
archivePrefix = {arXiv},
       eprint = {1406.3986},
 primaryClass = {astro-ph.GA},
       adsurl = {https://ui.adsabs.harvard.edu/abs/2014MNRAS.443..624E},
      adsnote = {Provided by the SAO/NASA Astrophysics Data System}
}

@ARTICLE{nissen+14,
       author = {{Nissen}, P.~E. and {Chen}, Y.~Q. and {Carigi}, L. and {Schuster}, W.~J. and {Zhao}, G.},
        title = "{Carbon and oxygen abundances in stellar populations}",
      journal = {\aap},
     keywords = {stars: abundances, stars: atmospheres, planetary systems, Galaxy: disk, Galaxy: halo, Astrophysics - Solar and Stellar Astrophysics, Astrophysics - Earth and Planetary Astrophysics},
         year = 2014,
        month = aug,
       volume = {568},
          eid = {A25},
        pages = {A25},
          doi = {10.1051/0004-6361/201424184},
archivePrefix = {arXiv},
       eprint = {1406.5218},
 primaryClass = {astro-ph.SR},
       adsurl = {https://ui.adsabs.harvard.edu/abs/2014A&A...568A..25N},
      adsnote = {Provided by the SAO/NASA Astrophysics Data System}
}

@ARTICLE{KL14,
       author = {{Karakas}, Amanda I. and {Lattanzio}, John C.},
        title = "{The Dawes Review 2: Nucleosynthesis and Stellar Yields of Low- and Intermediate-Mass Single Stars}",
      journal = {\pasa},
     keywords = {ISM: composition, nucleosynthesis, Population II stars, stars: AGB and post-AGB, stars: mixing, chemical evolution, Astrophysics - Solar and Stellar Astrophysics},
         year = 2014,
        month = jul,
       volume = {31},
          eid = {e030},
        pages = {e030},
          doi = {10.1017/pasa.2014.21},
archivePrefix = {arXiv},
       eprint = {1405.0062},
 primaryClass = {astro-ph.SR},
       adsurl = {https://ui.adsabs.harvard.edu/abs/2014PASA...31...30K},
      adsnote = {Provided by the SAO/NASA Astrophysics Data System}
}

@ARTICLE{ventura+14,
       author = {{Ventura}, P. and {Dell'Agli}, F. and {Schneider}, R. and {Di Criscienzo}, M. and {Rossi}, C. and {La Franca}, F. and {Gallerani}, S. and {Valiante}, R.},
        title = "{Dust from asymptotic giant branch stars: relevant factors and modelling uncertainties}",
      journal = {\mnras},
     keywords = {stars: abundances, stars: AGB and post-AGB, ISM: abundances, dust, extinction, Astrophysics - Solar and Stellar Astrophysics},
         year = 2014,
        month = mar,
       volume = {439},
       number = {1},
        pages = {977-989},
          doi = {10.1093/mnras/stu028},
archivePrefix = {arXiv},
       eprint = {1401.1332},
 primaryClass = {astro-ph.SR},
       adsurl = {https://ui.adsabs.harvard.edu/abs/2014MNRAS.439..977V},
      adsnote = {Provided by the SAO/NASA Astrophysics Data System}
}

@ARTICLE{DAM14,
       author = {{van Dokkum}, Pieter G. and {Abraham}, Roberto and {Merritt}, Allison},
        title = "{First Results from the Dragonfly Telephoto Array: The Apparent Lack of a Stellar Halo in the Massive Spiral Galaxy M101}",
      journal = {\apjl},
     keywords = {cosmology: observations, galaxies: evolution, galaxies: halos, Galaxy: halo, Galaxy: structure, Astrophysics - Astrophysics of Galaxies, Astrophysics - Cosmology and Nongalactic Astrophysics, Astrophysics - Instrumentation and Methods for Astrophysics, Astrophysics - Solar and Stellar Astrophysics},
         year = 2014,
        month = feb,
       volume = {782},
       number = {2},
          eid = {L24},
        pages = {L24},
          doi = {10.1088/2041-8205/782/2/L24},
archivePrefix = {arXiv},
       eprint = {1401.5467},
 primaryClass = {astro-ph.GA},
       adsurl = {https://ui.adsabs.harvard.edu/abs/2014ApJ...782L..24V},
      adsnote = {Provided by the SAO/NASA Astrophysics Data System}
}

@ARTICLE{NKT13,
       author = {{Nomoto}, Ken'ichi and {Kobayashi}, Chiaki and {Tominaga}, Nozomu},
        title = "{Nucleosynthesis in Stars and the Chemical Enrichment of Galaxies}",
      journal = {\araa},
         year = 2013,
        month = aug,
       volume = {51},
       number = {1},
        pages = {457-509},
          doi = {10.1146/annurev-astro-082812-140956},
       adsurl = {https://ui.adsabs.harvard.edu/abs/2013ARA&A..51..457N},
      adsnote = {Provided by the SAO/NASA Astrophysics Data System}
}

@ARTICLE{bird+13,
       author = {{Bird}, Jonathan C. and {Kazantzidis}, Stelios and {Weinberg}, David H. and {Guedes}, Javiera and {Callegari}, Simone and {Mayer}, Lucio and {Madau}, Piero},
        title = "{Inside out and Upside down: Tracing the Assembly of a Simulated Disk Galaxy Using Mono-age Stellar Populations}",
      journal = {\apj},
     keywords = {galaxies: evolution, galaxies: spiral, Galaxy: evolution, Galaxy: formation, Galaxy: kinematics and dynamics, Galaxy: structure, Astrophysics - Astrophysics of Galaxies},
         year = 2013,
        month = aug,
       volume = {773},
       number = {1},
          eid = {43},
        pages = {43},
          doi = {10.1088/0004-637X/773/1/43},
archivePrefix = {arXiv},
       eprint = {1301.0620},
 primaryClass = {astro-ph.GA},
       adsurl = {https://ui.adsabs.harvard.edu/abs/2013ApJ...773...43B},
      adsnote = {Provided by the SAO/NASA Astrophysics Data System}
}

@ARTICLE{ventura+13,
       author = {{Ventura}, P. and {Di Criscienzo}, M. and {Carini}, R. and {D'Antona}, F.},
        title = "{Yields of AGB and SAGB models with chemistry of low- and high-metallicity globular clusters}",
      journal = {\mnras},
     keywords = {stars: abundances, stars: AGB and post-AGB, stars: evolution, Astrophysics - Solar and Stellar Astrophysics},
         year = 2013,
        month = jun,
       volume = {431},
       number = {4},
        pages = {3642-3653},
          doi = {10.1093/mnras/stt444},
archivePrefix = {arXiv},
       eprint = {1303.3912},
 primaryClass = {astro-ph.SR},
       adsurl = {https://ui.adsabs.harvard.edu/abs/2013MNRAS.431.3642V},
      adsnote = {Provided by the SAO/NASA Astrophysics Data System}
}

@ARTICLE{CL13,
       author = {{Chieffi}, Alessandro and {Limongi}, Marco},
        title = "{Pre-supernova Evolution of Rotating Solar Metallicity Stars in the Mass Range 13-120 M $_{{\ensuremath{\odot}}}$ and their Explosive Yields}",
      journal = {\apj},
     keywords = {stars: evolution, stars: interiors, stars: massive, stars: rotation, supernovae: general},
         year = 2013,
        month = feb,
       volume = {764},
       number = {1},
          eid = {21},
        pages = {21},
          doi = {10.1088/0004-637X/764/1/21},
       adsurl = {https://ui.adsabs.harvard.edu/abs/2013ApJ...764...21C},
      adsnote = {Provided by the SAO/NASA Astrophysics Data System}
}

@ARTICLE{deMink+13,
       author = {{de Mink}, S.~E. and {Langer}, N. and {Izzard}, R.~G. and {Sana}, H. and {de Koter}, A.},
        title = "{The Rotation Rates of Massive Stars: The Role of Binary Interaction through Tides, Mass Transfer, and Mergers}",
      journal = {\apj},
     keywords = {binaries: close, binaries: spectroscopic, Galaxy: stellar content, stars: early-type, stars: massive, stars: rotation, Astrophysics - Solar and Stellar Astrophysics},
         year = 2013,
        month = feb,
       volume = {764},
       number = {2},
          eid = {166},
        pages = {166},
          doi = {10.1088/0004-637X/764/2/166},
archivePrefix = {arXiv},
       eprint = {1211.3742},
 primaryClass = {astro-ph.SR},
       adsurl = {https://ui.adsabs.harvard.edu/abs/2013ApJ...764..166D},
      adsnote = {Provided by the SAO/NASA Astrophysics Data System}
}

@ARTICLE{maoz+12,
       author = {{Maoz}, Dan and {Mannucci}, Filippo and {Brandt}, Timothy D.},
        title = "{The delay-time distribution of Type Ia supernovae from Sloan II}",
      journal = {\mnras},
     keywords = {methods: data analysis, supernovae: general, galaxies: star formation, Astrophysics - Cosmology and Nongalactic Astrophysics},
         year = 2012,
        month = nov,
       volume = {426},
       number = {4},
        pages = {3282-3294},
          doi = {10.1111/j.1365-2966.2012.21871.x},
archivePrefix = {arXiv},
       eprint = {1206.0465},
 primaryClass = {astro-ph.CO},
       adsurl = {https://ui.adsabs.harvard.edu/abs/2012MNRAS.426.3282M},
      adsnote = {Provided by the SAO/NASA Astrophysics Data System}
}

@ARTICLE{bird+12,
       author = {{Bird}, Jonathan C. and {Kazantzidis}, Stelios and {Weinberg}, David H.},
        title = "{Radial mixing in galactic discs: the effects of disc structure and satellite bombardment}",
      journal = {\mnras},
     keywords = {methods: numerical, stars: kinematics and dynamics, Galaxy: disc, Galaxy: kinematics and dynamics, galaxies: evolution, galaxies: formation, Astrophysics - Astrophysics of Galaxies},
         year = 2012,
        month = feb,
       volume = {420},
       number = {2},
        pages = {913-925},
          doi = {10.1111/j.1365-2966.2011.19728.x},
archivePrefix = {arXiv},
       eprint = {1104.0933},
 primaryClass = {astro-ph.GA},
       adsurl = {https://ui.adsabs.harvard.edu/abs/2012MNRAS.420..913B},
      adsnote = {Provided by the SAO/NASA Astrophysics Data System}
}

@ARTICLE{cristallo+11,
       author = {{Cristallo}, S. and {Piersanti}, L. and {Straniero}, O. and {Gallino}, R. and {Dom{\'\i}nguez}, I. and {Abia}, C. and {Di Rico}, G. and {Quintini}, M. and {Bisterzo}, S.},
        title = "{Evolution, Nucleosynthesis, and Yields of Low-mass Asymptotic Giant Branch Stars at Different Metallicities. II. The FRUITY Database}",
      journal = {\apjs},
     keywords = {nuclear reactions, nucleosynthesis, abundances, stars: AGB and post-AGB, Astrophysics - Solar and Stellar Astrophysics},
         year = 2011,
        month = dec,
       volume = {197},
       number = {2},
          eid = {17},
        pages = {17},
          doi = {10.1088/0067-0049/197/2/17},
archivePrefix = {arXiv},
       eprint = {1109.1176},
 primaryClass = {astro-ph.SR},
       adsurl = {https://ui.adsabs.harvard.edu/abs/2011ApJS..197...17C},
      adsnote = {Provided by the SAO/NASA Astrophysics Data System}
}

@ARTICLE{YMV11,
       author = {{Yin}, J. and {Matteucci}, F. and {Vladilo}, G.},
        title = "{Chemical evolution of dwarf irregular and blue compact galaxies}",
      journal = {\aap},
     keywords = {galaxies: evolution, galaxies: abundances, galaxies: dwarf, galaxies: irregular, Astrophysics - Cosmology and Nongalactic Astrophysics},
         year = 2011,
        month = jul,
       volume = {531},
          eid = {A136},
        pages = {A136},
          doi = {10.1051/0004-6361/201015022},
archivePrefix = {arXiv},
       eprint = {1102.4197},
 primaryClass = {astro-ph.CO},
       adsurl = {https://ui.adsabs.harvard.edu/abs/2011A&A...531A.136Y},
      adsnote = {Provided by the SAO/NASA Astrophysics Data System}
}

@ARTICLE{BP11,
       author = {{Bird}, Jonathan C. and {Pinsonneault}, Marc H.},
        title = "{A Bound on the Light Emitted during the Thermally Pulsing Asymptotic Giant Branch Phase}",
      journal = {\apj},
     keywords = {galaxies: stellar content, stars: AGB and post-AGB, stars: mass-loss, Astrophysics - Solar and Stellar Astrophysics, Astrophysics - Astrophysics of Galaxies},
         year = 2011,
        month = jun,
       volume = {733},
       number = {2},
          eid = {81},
        pages = {81},
          doi = {10.1088/0004-637X/733/2/81},
archivePrefix = {arXiv},
       eprint = {1004.2709},
 primaryClass = {astro-ph.SR},
       adsurl = {https://ui.adsabs.harvard.edu/abs/2011ApJ...733...81B},
      adsnote = {Provided by the SAO/NASA Astrophysics Data System}
}

@ARTICLE{guseva+11,
       author = {{Guseva}, N.~G. and {Izotov}, Y.~I. and {Stasi{\'n}ska}, G. and {Fricke}, K.~J. and {Henkel}, C. and {Papaderos}, P.},
        title = "{VLT spectroscopy of low-metallicity emission-line galaxies: abundance patterns and abundance discrepancies}",
      journal = {\aap},
     keywords = {galaxies: starburst, methods: observational, galaxies: abundances, galaxies: dwarf, galaxies: ISM, Astrophysics - Cosmology and Extragalactic Astrophysics},
         year = 2011,
        month = may,
       volume = {529},
          eid = {A149},
        pages = {A149},
          doi = {10.1051/0004-6361/201016291},
archivePrefix = {arXiv},
       eprint = {1111.1392},
 primaryClass = {astro-ph.CO},
       adsurl = {https://ui.adsabs.harvard.edu/abs/2011A&A...529A.149G},
      adsnote = {Provided by the SAO/NASA Astrophysics Data System}
}

@ARTICLE{HW10,
       author = {{Heger}, Alexander and {Woosley}, S.~E.},
        title = "{Nucleosynthesis and Evolution of Massive Metal-free Stars}",
      journal = {\apj},
     keywords = {early universe, Galaxy: abundances, nuclear reactions, nucleosynthesis, abundances, stars: abundances, stars: evolution, supernovae: general, Astrophysics},
         year = 2010,
        month = nov,
       volume = {724},
       number = {1},
        pages = {341-373},
          doi = {10.1088/0004-637X/724/1/341},
archivePrefix = {arXiv},
       eprint = {0803.3161},
 primaryClass = {astro-ph},
       adsurl = {https://ui.adsabs.harvard.edu/abs/2010ApJ...724..341H},
      adsnote = {Provided by the SAO/NASA Astrophysics Data System}
}

@ARTICLE{karakas10,
       author = {{Karakas}, A.~I.},
        title = "{Updated stellar yields from asymptotic giant branch models}",
      journal = {\mnras},
     keywords = {nuclear reactions, nucleosynthesis, abundances, stars: AGB and post-AGB, stars: Population II, ISM: abundances, Astrophysics - Solar and Stellar Astrophysics, Astrophysics - Astrophysics of Galaxies},
         year = 2010,
        month = apr,
       volume = {403},
       number = {3},
        pages = {1413-1425},
          doi = {10.1111/j.1365-2966.2009.16198.x},
archivePrefix = {arXiv},
       eprint = {0912.2142},
 primaryClass = {astro-ph.SR},
       adsurl = {https://ui.adsabs.harvard.edu/abs/2010MNRAS.403.1413K},
      adsnote = {Provided by the SAO/NASA Astrophysics Data System}
}

@ARTICLE{asplund+09,
       author = {{Asplund}, Martin and {Grevesse}, Nicolas and {Sauval}, A. Jacques and {Scott}, Pat},
        title = "{The Chemical Composition of the Sun}",
      journal = {\araa},
     keywords = {Astrophysics - Solar and Stellar Astrophysics, Astrophysics - Earth and Planetary Astrophysics},
         year = 2009,
        month = sep,
       volume = {47},
       number = {1},
        pages = {481-522},
          doi = {10.1146/annurev.astro.46.060407.145222},
archivePrefix = {arXiv},
       eprint = {0909.0948},
 primaryClass = {astro-ph.SR},
       adsurl = {https://ui.adsabs.harvard.edu/abs/2009ARA&A..47..481A},
      adsnote = {Provided by the SAO/NASA Astrophysics Data System}
}

@ARTICLE{esteban+09,
       author = {{Esteban}, C{\'e}sar and {Bresolin}, Fabio and {Peimbert}, Manuel and {Garc{\'\i}a-Rojas}, Jorge and {Peimbert}, Antonio and {Mesa-Delgado}, Adal},
        title = "{Keck HIRES Spectroscopy of Extragalactic H II Regions: C and O Abundances from Recombination Lines}",
      journal = {\apj},
     keywords = {galaxies: abundances, galaxies: individual: M31 M33 M83 M101 NGC 1741 NGC 2366 NGC 2403 NGC 4395 NGC 4861, galaxies: ISM, galaxies: spiral, H II regions, Astrophysics - Cosmology and Extragalactic Astrophysics, Astrophysics - Galaxy Astrophysics},
         year = 2009,
        month = jul,
       volume = {700},
       number = {1},
        pages = {654-678},
          doi = {10.1088/0004-637X/700/1/654},
archivePrefix = {arXiv},
       eprint = {0905.2532},
 primaryClass = {astro-ph.CO},
       adsurl = {https://ui.adsabs.harvard.edu/abs/2009ApJ...700..654E},
      adsnote = {Provided by the SAO/NASA Astrophysics Data System}
}

@ARTICLE{fabbian+09,
       author = {{Fabbian}, D. and {Nissen}, P.~E. and {Asplund}, M. and {Pettini}, M. and {Akerman}, C.},
        title = "{The C/O ratio at low metallicity: constraints on early chemical evolution from observations of Galactic halo stars}",
      journal = {\aap},
     keywords = {stars: abundances, stars: late-type, Galaxy: abundances, Galaxy: evolution, Astrophysics},
         year = 2009,
        month = jun,
       volume = {500},
       number = {3},
        pages = {1143-1155},
          doi = {10.1051/0004-6361/200810095},
archivePrefix = {arXiv},
       eprint = {0810.0281},
 primaryClass = {astro-ph},
       adsurl = {https://ui.adsabs.harvard.edu/abs/2009A&A...500.1143F},
      adsnote = {Provided by the SAO/NASA Astrophysics Data System}
}

@ARTICLE{chiappini+08,
       author = {{Chiappini}, C. and {Ekstr{\"o}m}, S. and {Meynet}, G. and {Hirschi}, R. and {Maeder}, A. and {Charbonnel}, C.},
        title = "{A new imprint of fast rotators: low $^{12}$C/$^{13}$C ratios in extremely metal-poor halo stars}",
      journal = {\aap},
     keywords = {stars: abundances, stars: rotation, Galaxy: evolution, Galaxy: abundances, Galaxy: halo, early Universe, Astrophysics},
         year = 2008,
        month = feb,
       volume = {479},
       number = {1},
        pages = {L9-L12},
          doi = {10.1051/0004-6361:20078698},
archivePrefix = {arXiv},
       eprint = {0712.3434},
 primaryClass = {astro-ph},
       adsurl = {https://ui.adsabs.harvard.edu/abs/2008A&A...479L...9C},
      adsnote = {Provided by the SAO/NASA Astrophysics Data System}
}

@ARTICLE{lopez+07,
       author = {{L{\'o}pez-S{\'a}nchez}, {\'A}ngel R. and {Esteban}, C{\'e}sar and {Garc{\'\i}a-Rojas}, Jorge and {Peimbert}, Manuel and {Rodr{\'\i}guez}, M{\'o}nica},
        title = "{The Localized Chemical Pollution in NGC 5253 Revisited: Results from Deep Echelle Spectrophotometry}",
      journal = {\apj},
     keywords = {Galaxies: Abundances, galaxies: clusters: individual (NGC 5253), Galaxies: Kinematics and Dynamics, Galaxies: Starburst, Astrophysics},
         year = 2007,
        month = feb,
       volume = {656},
       number = {1},
        pages = {168-185},
          doi = {10.1086/510112},
archivePrefix = {arXiv},
       eprint = {astro-ph/0609498},
 primaryClass = {astro-ph},
       adsurl = {https://ui.adsabs.harvard.edu/abs/2007ApJ...656..168L},
      adsnote = {Provided by the SAO/NASA Astrophysics Data System}
}

@ARTICLE{hirschi07,
       author = {{Hirschi}, R.},
        title = "{Very low-metallicity massive stars:. Pre-SN evolution models and primary nitrogen production}",
      journal = {\aap},
     keywords = {stars: abundances, stars: evolution, stars:, rotation, stars: mass-loss, stars: Wolf-Rayet, stars: supernovae: general, Astrophysics},
         year = 2007,
        month = jan,
       volume = {461},
       number = {2},
        pages = {571-583},
          doi = {10.1051/0004-6361:20065356},
archivePrefix = {arXiv},
       eprint = {astro-ph/0608170},
 primaryClass = {astro-ph},
       adsurl = {https://ui.adsabs.harvard.edu/abs/2007A&A...461..571H},
      adsnote = {Provided by the SAO/NASA Astrophysics Data System}
}

@ARTICLE{tumlinson06,
       author = {{Tumlinson}, Jason},
        title = "{Chemical Evolution in Hierarchical Models of Cosmic Structure. I. Constraints on the Early Stellar Initial Mass Function}",
      journal = {\apj},
     keywords = {Cosmology: Theory, Galaxies: Evolution, Galaxies: Formation, Galaxy: Evolution, Galaxy: Formation, Stars: Abundances, Stars: Luminosity Function, Mass Function, Astrophysics},
         year = 2006,
        month = apr,
       volume = {641},
       number = {1},
        pages = {1-20},
          doi = {10.1086/500383},
archivePrefix = {arXiv},
       eprint = {astro-ph/0507442},
 primaryClass = {astro-ph},
       adsurl = {https://ui.adsabs.harvard.edu/abs/2006ApJ...641....1T},
      adsnote = {Provided by the SAO/NASA Astrophysics Data System}
}

@ARTICLE{PT05,
       author = {{Pilyugin}, Leonid S. and {Thuan}, Trinh X.},
        title = "{Oxygen Abundance Determination in H II Regions: The Strong Line Intensities-Abundance Calibration Revisited}",
      journal = {\apj},
     keywords = {Galaxies: Abundances, ISM: H II Regions, ISM: Abundances},
         year = 2005,
        month = sep,
       volume = {631},
       number = {1},
        pages = {231-243},
          doi = {10.1086/432408},
       adsurl = {https://ui.adsabs.harvard.edu/abs/2005ApJ...631..231P},
      adsnote = {Provided by the SAO/NASA Astrophysics Data System}
}

@ARTICLE{herwig+05,
       author = {{Herwig}, Falk},
        title = "{Evolution of Asymptotic Giant Branch Stars}",
      journal = {\araa},
         year = 2005,
        month = sep,
       volume = {43},
       number = {1},
        pages = {435-479},
          doi = {10.1146/annurev.astro.43.072103.150600},
       adsurl = {https://ui.adsabs.harvard.edu/abs/2005ARA&A..43..435H},
      adsnote = {Provided by the SAO/NASA Astrophysics Data System}
}

@ARTICLE{CL04,
       author = {{Chieffi}, Alessandro and {Limongi}, Marco},
        title = "{Explosive Yields of Massive Stars from Z = 0 to Z = Z$_{solar}$}",
      journal = {\apj},
     keywords = {Nuclear Reactions, Nucleosynthesis, Abundances, Stars: Evolution, Stars: Supernovae: General, Astrophysics},
         year = 2004,
        month = jun,
       volume = {608},
       number = {1},
        pages = {405-410},
          doi = {10.1086/392523},
archivePrefix = {arXiv},
       eprint = {astro-ph/0402625},
 primaryClass = {astro-ph},
       adsurl = {https://ui.adsabs.harvard.edu/abs/2004ApJ...608..405C},
      adsnote = {Provided by the SAO/NASA Astrophysics Data System}
}

@ARTICLE{CMM03,
       author = {{Chiappini}, C. and {Matteucci}, F. and {Meynet}, G.},
        title = "{Stellar yields with rotation and their effect on chemical evolution models}",
      journal = {\aap},
     keywords = {Galaxy: abundances, Galaxy: evolution, Galaxy: formation, Astrophysics},
         year = 2003,
        month = oct,
       volume = {410},
        pages = {257-267},
          doi = {10.1051/0004-6361:20031192},
archivePrefix = {arXiv},
       eprint = {astro-ph/0308067},
 primaryClass = {astro-ph},
       adsurl = {https://ui.adsabs.harvard.edu/abs/2003A&A...410..257C},
      adsnote = {Provided by the SAO/NASA Astrophysics Data System}
}

@ARTICLE{chiappini+03,
       author = {{Chiappini}, Cristina and {Romano}, Donatella and {Matteucci}, Francesca},
        title = "{Oxygen, carbon and nitrogen evolution in galaxies}",
      journal = {\mnras},
     keywords = {nuclear reactions, nucleosynthesis, abundances, Galaxy: abundances, Galaxy: evolution, Galaxy: formation, galaxies: individual: M101, galaxies: irregular, Astrophysics},
         year = 2003,
        month = feb,
       volume = {339},
       number = {1},
        pages = {63-81},
          doi = {10.1046/j.1365-8711.2003.06154.x},
archivePrefix = {arXiv},
       eprint = {astro-ph/0209627},
 primaryClass = {astro-ph},
       adsurl = {https://ui.adsabs.harvard.edu/abs/2003MNRAS.339...63C},
      adsnote = {Provided by the SAO/NASA Astrophysics Data System}
}

@ARTICLE{esteban+02,
       author = {{Esteban}, C{\'e}sar and {Peimbert}, Manuel and {Torres-Peimbert}, Silvia and {Rodr{\'\i}guez}, M{\'o}nica},
        title = "{Optical Recombination Lines of Heavy Elements in Giant Extragalactic H II Regions}",
      journal = {\apj},
     keywords = {Galaxies: Abundances, Galaxies: ISM, H II regions, ISM: Abundances, ISM: Individual: NGC Number: NGC 604, ISM: Individual: NGC Number: NGC 5461, ISM: individual (NGC 5471), ISM: Individual: NGC Number: NGC 2363, Astrophysics},
         year = 2002,
        month = dec,
       volume = {581},
       number = {1},
        pages = {241-257},
          doi = {10.1086/344104},
archivePrefix = {arXiv},
       eprint = {astro-ph/0208313},
 primaryClass = {astro-ph},
       adsurl = {https://ui.adsabs.harvard.edu/abs/2002ApJ...581..241E},
      adsnote = {Provided by the SAO/NASA Astrophysics Data System}
}

@ARTICLE{sellwood+binney02,
       author = {{Sellwood}, J.~A. and {Binney}, J.~J.},
        title = "{Radial mixing in galactic discs}",
      journal = {\mnras},
     keywords = {ISM: abundances, Galaxy: abundances, Galaxy: kinematics and dynamics, galaxies: evolution, galaxies: ISM, galaxies: structure, Astrophysics},
         year = 2002,
        month = nov,
       volume = {336},
       number = {3},
        pages = {785-796},
          doi = {10.1046/j.1365-8711.2002.05806.x},
archivePrefix = {arXiv},
       eprint = {astro-ph/0203510},
 primaryClass = {astro-ph},
       adsurl = {https://ui.adsabs.harvard.edu/abs/2002MNRAS.336..785S},
      adsnote = {Provided by the SAO/NASA Astrophysics Data System}
}

@ARTICLE{MM02,
       author = {{Meynet}, G. and {Maeder}, A.},
        title = "{Stellar evolution with rotation. VIII. Models at Z = 10$^{-5}$ and CNO yields for early galactic evolution}",
      journal = {\aap},
     keywords = {nuclear reactions, nucleosynthesis, abundances, stars: interiors, stars: evolution, stars: rotation, stars: early-types, stars: AGB and post-AGB, Astrophysics},
         year = 2002,
        month = aug,
       volume = {390},
        pages = {561-583},
          doi = {10.1051/0004-6361:20020755},
archivePrefix = {arXiv},
       eprint = {astro-ph/0205370},
 primaryClass = {astro-ph},
       adsurl = {https://ui.adsabs.harvard.edu/abs/2002A&A...390..561M},
      adsnote = {Provided by the SAO/NASA Astrophysics Data System}
}

@ARTICLE{KLP02,
       author = {{Karakas}, A.~I. and {Lattanzio}, J.~C. and {Pols}, O.~R.},
        title = "{Parameterising the Third Dredge-up in Asymptotic Giant Branch Stars}",
      journal = {\pasa},
     keywords = {Astrophysics},
         year = 2002,
        month = jan,
       volume = {19},
       number = {4},
        pages = {515-526},
          doi = {10.1071/AS02013},
archivePrefix = {arXiv},
       eprint = {astro-ph/0210058},
 primaryClass = {astro-ph},
       adsurl = {https://ui.adsabs.harvard.edu/abs/2002PASA...19..515K},
      adsnote = {Provided by the SAO/NASA Astrophysics Data System}
}

@ARTICLE{HEK00,
       author = {{Henry}, R.~B.~C. and {Edmunds}, M.~G. and {K{\"o}ppen}, J.},
        title = "{On the Cosmic Origins of Carbon and Nitrogen}",
      journal = {\apj},
     keywords = {Galaxies: Abundances, Galaxies: Evolution, Galaxy: Abundances, Galaxy: Evolution, ISM: Abundances, Nuclear Reactions, Nucleosynthesis, Abundances, Astrophysics},
         year = 2000,
        month = oct,
       volume = {541},
       number = {2},
        pages = {660-674},
          doi = {10.1086/309471},
archivePrefix = {arXiv},
       eprint = {astro-ph/0004299},
 primaryClass = {astro-ph},
       adsurl = {https://ui.adsabs.harvard.edu/abs/2000ApJ...541..660H},
      adsnote = {Provided by the SAO/NASA Astrophysics Data System}
}

@ARTICLE{BGM99,
       author = {{Busso}, M. and {Gallino}, R. and {Wasserburg}, G.~J.},
        title = "{Nucleosynthesis in Asymptotic Giant Branch Stars: Relevance for Galactic Enrichment and Solar System Formation}",
      journal = {\araa},
     keywords = {STELLAR EVOLUTION, SUPERNOVAE, EXTINCT RADIOACTIVITIES, S-PROCESS, R-PROCESS, RED GIANTS, LOW MASS STARS},
         year = 1999,
        month = jan,
       volume = {37},
        pages = {239-309},
          doi = {10.1146/annurev.astro.37.1.239},
       adsurl = {https://ui.adsabs.harvard.edu/abs/1999ARA&A..37..239B},
      adsnote = {Provided by the SAO/NASA Astrophysics Data System}
}

@ARTICLE{kennicutt98b,
       author = {{Kennicutt}, Robert C., Jr.},
        title = "{The Global Schmidt Law in Star-forming Galaxies}",
      journal = {\apj},
     keywords = {GALAXIES: EVOLUTION, GALAXIES: ISM, GALAXIES: SPIRAL, GALAXIES: STELLAR CONTENT, GALAXIES: STARBURST, STARS: FORMATION, Galaxies: Evolution, Galaxies: ISM, Galaxies: Spiral, Galaxies: Starburst, Galaxies: Stellar Content, Stars: Formation, Astrophysics},
         year = 1998,
        month = may,
       volume = {498},
       number = {2},
        pages = {541-552},
          doi = {10.1086/305588},
archivePrefix = {arXiv},
       eprint = {astro-ph/9712213},
 primaryClass = {astro-ph},
       adsurl = {https://ui.adsabs.harvard.edu/abs/1998ApJ...498..541K},
      adsnote = {Provided by the SAO/NASA Astrophysics Data System}
}

@ARTICLE{kennicutt98,
       author = {{Kennicutt}, Robert C., Jr.},
        title = "{Star Formation in Galaxies Along the Hubble Sequence}",
      journal = {\araa},
     keywords = {Astrophysics},
         year = 1998,
        month = jan,
       volume = {36},
        pages = {189-232},
          doi = {10.1146/annurev.astro.36.1.189},
archivePrefix = {arXiv},
       eprint = {astro-ph/9807187},
 primaryClass = {astro-ph},
       adsurl = {https://ui.adsabs.harvard.edu/abs/1998ARA&A..36..189K},
      adsnote = {Provided by the SAO/NASA Astrophysics Data System}
}

@ARTICLE{WW95,
       author = {{Woosley}, S.~E. and {Weaver}, Thomas A.},
        title = "{The Evolution and Explosion of Massive Stars. II. Explosive Hydrodynamics and Nucleosynthesis}",
      journal = {\apjs},
     keywords = {HYDRODYNAMICS, NUCLEAR REACTIONS, NUCLEOSYNTHESIS, ABUNDANCES, STARS: EVOLUTION, STARS: INTERIORS, STARS: SUPERNOVAE: GENERAL},
         year = 1995,
        month = nov,
       volume = {101},
        pages = {181},
          doi = {10.1086/192237},
       adsurl = {https://ui.adsabs.harvard.edu/abs/1995ApJS..101..181W},
      adsnote = {Provided by the SAO/NASA Astrophysics Data System}
}

@ARTICLE{MG86,
       author = {{Matteucci}, F. and {Greggio}, L.},
        title = "{Relative roles of type I and II supernovae in the chemical enrichment of the interstellar gas}",
      journal = {\aap},
     keywords = {Chemical Evolution, Computational Astrophysics, Interstellar Gas, Nuclear Fusion, Supernovae, Galactic Evolution, Solar System, Stellar Evolution, Astrophysics},
         year = 1986,
        month = jan,
       volume = {154},
       number = {1-2},
        pages = {279-287},
       adsurl = {https://ui.adsabs.harvard.edu/abs/1986A&A...154..279M},
      adsnote = {Provided by the SAO/NASA Astrophysics Data System}
}

@INCOLLECTION{reimers75,
       author = {{Reimers}, D.},
        title = "{Circumstellar envelopes and mass loss of red giant stars.}",
     keywords = {Absorption Spectra, Giant Stars, Stellar Envelopes, Stellar Evolution, Stellar Mass Ejection, Cosmic Dust, Interstellar Matter, Line Spectra, Stellar Spectra, Astrophysics},
    booktitle = {Problems in stellar atmospheres and envelopes.},
         year = 1975,
        pages = {229-256},
       adsurl = {https://ui.adsabs.harvard.edu/abs/1975psae.book..229R},
      adsnote = {Provided by the SAO/NASA Astrophysics Data System}
}

@ARTICLE{toomre64,
       author = {{Toomre}, A.},
        title = "{On the gravitational stability of a disk of stars.}",
      journal = {\apj},
         year = 1964,
        month = may,
       volume = {139},
        pages = {1217-1238},
          doi = {10.1086/147861},
       adsurl = {https://ui.adsabs.harvard.edu/abs/1964ApJ...139.1217T},
      adsnote = {Provided by the SAO/NASA Astrophysics Data System}
}

@ARTICLE{sanches20,
       author = {{S{\'a}nchez}, Sebasti{\'a}n F.},
        title = "{Spatially Resolved Spectroscopic Properties of Low-Redshift Star-Forming Galaxies}",
      journal = {\araa},
     keywords = {Astrophysics - Astrophysics of Galaxies},
         year = 2020,
        month = aug,
       volume = {58},
        pages = {99-155},
          doi = {10.1146/annurev-astro-012120-013326},
archivePrefix = {arXiv},
       eprint = {1911.06925},
 primaryClass = {astro-ph.GA},
       adsurl = {https://ui.adsabs.harvard.edu/abs/2020ARA&A..58...99S},
      adsnote = {Provided by the SAO/NASA Astrophysics Data System}
}

@ARTICLE{kroupa01,
       author = {{Kroupa}, Pavel},
        title = "{On the variation of the initial mass function}",
      journal = {\mnras},
     keywords = {BINARIES: GENERAL, STARS: FORMATION, STARS: KINEMATICS, STARS: LUMINOSITY FUNCTION, MASS FUNCTION, GLOBULAR CLUSTERS: GENERAL, OPEN CLUSTERS AND ASSOCIATIONS: GENERAL, Astrophysics},
         year = 2001,
        month = apr,
       volume = {322},
       number = {2},
        pages = {231-246},
          doi = {10.1046/j.1365-8711.2001.04022.x},
archivePrefix = {arXiv},
       eprint = {astro-ph/0009005},
 primaryClass = {astro-ph},
       adsurl = {https://ui.adsabs.harvard.edu/abs/2001MNRAS.322..231K},
      adsnote = {Provided by the SAO/NASA Astrophysics Data System}
}

@ARTICLE{LM15,
       author = {{Licquia}, Timothy C. and {Newman}, Jeffrey A.},
        title = "{Improved Estimates of the Milky Way's Stellar Mass and Star Formation Rate from Hierarchical Bayesian Meta-Analysis}",
      journal = {\apj},
     keywords = {Galaxy: bulge, Galaxy: disk, Galaxy: fundamental parameters, Galaxy: stellar content, methods: statistical, stars: formation, Astrophysics - Astrophysics of Galaxies},
         year = 2015,
        month = jun,
       volume = {806},
       number = {1},
          eid = {96},
        pages = {96},
          doi = {10.1088/0004-637X/806/1/96},
archivePrefix = {arXiv},
       eprint = {1407.1078},
 primaryClass = {astro-ph.GA},
       adsurl = {https://ui.adsabs.harvard.edu/abs/2015ApJ...806...96L},
      adsnote = {Provided by the SAO/NASA Astrophysics Data System}
}


@ARTICLE{james_dwarf,
       author = {{Johnson}, James W. and {Conroy}, Charlie and {Johnson}, Benjamin D. and {Peter}, Annika H.~G. and {Cargile}, Phillip A. and {Bonaca}, Ana and {Naidu}, Rohan P. and {Woody}, Turner and {Ting}, Yuan-Sen and {Han}, Jiwon Jesse and {Speagle}, Joshua S.},
        title = "{Dwarf galaxy archaeology from chemical abundances and star formation histories}",
      journal = {arXiv e-prints},
     keywords = {Astrophysics - Astrophysics of Galaxies},
         year = 2022,
        month = oct,
          eid = {arXiv:2210.01816},
        pages = {arXiv:2210.01816},
          doi = {10.48550/arXiv.2210.01816},
archivePrefix = {arXiv},
       eprint = {2210.01816},
 primaryClass = {astro-ph.GA},
       adsurl = {https://ui.adsabs.harvard.edu/abs/2022arXiv221001816J},
      adsnote = {Provided by the SAO/NASA Astrophysics Data System}
}


@ARTICLE{matteucci21,
       author = {{Matteucci}, Francesca},
        title = "{Modelling the chemical evolution of the Milky Way}",
      journal = {\aapr},
     keywords = {The Galaxy, Chemical evolution, Chemical abundances, Astrophysics - Astrophysics of Galaxies},
         year = 2021,
        month = dec,
       volume = {29},
       number = {1},
          eid = {5},
        pages = {5},
          doi = {10.1007/s00159-021-00133-8},
archivePrefix = {arXiv},
       eprint = {2106.13145},
 primaryClass = {astro-ph.GA},
       adsurl = {https://ui.adsabs.harvard.edu/abs/2021A&ARv..29....5M},
      adsnote = {Provided by the SAO/NASA Astrophysics Data System}
}

@ARTICLE{BHG16,
       author = {{Bland-Hawthorn}, Joss and {Gerhard}, Ortwin},
        title = "{The Galaxy in Context: Structural, Kinematic, and Integrated Properties}",
      journal = {\araa},
     keywords = {Astrophysics - Astrophysics of Galaxies},
         year = 2016,
        month = sep,
       volume = {54},
        pages = {529-596},
          doi = {10.1146/annurev-astro-081915-023441},
archivePrefix = {arXiv},
       eprint = {1602.07702},
 primaryClass = {astro-ph.GA},
       adsurl = {https://ui.adsabs.harvard.edu/abs/2016ARA&A..54..529B},
      adsnote = {Provided by the SAO/NASA Astrophysics Data System}
}

@ARTICLE{tacconi18,
       author = {{Tacconi}, L.~J. and {Genzel}, R. and {Saintonge}, A. and {Combes}, F. and {Garc{\'\i}a-Burillo}, S. and {Neri}, R. and {Bolatto}, A. and {Contini}, T. and {F{\"o}rster Schreiber}, N.~M. and {Lilly}, S. and {Lutz}, D. and {Wuyts}, S. and {Accurso}, G. and {Boissier}, J. and {Boone}, F. and {Bouch{\'e}}, N. and {Bournaud}, F. and {Burkert}, A. and {Carollo}, M. and {Cooper}, M. and {Cox}, P. and {Feruglio}, C. and {Freundlich}, J. and {Herrera-Camus}, R. and {Juneau}, S. and {Lippa}, M. and {Naab}, T. and {Renzini}, A. and {Salome}, P. and {Sternberg}, A. and {Tadaki}, K. and {{\"U}bler}, H. and {Walter}, F. and {Weiner}, B. and {Weiss}, A.},
        title = "{PHIBSS: Unified Scaling Relations of Gas Depletion Time and Molecular Gas Fractions}",
      journal = {\apj},
     keywords = {galaxies: evolution, galaxies: high-redshift, galaxies: kinematics and dynamics, infrared: galaxies, Astrophysics - Astrophysics of Galaxies},
         year = 2018,
        month = feb,
       volume = {853},
       number = {2},
          eid = {179},
        pages = {179},
          doi = {10.3847/1538-4357/aaa4b4},
archivePrefix = {arXiv},
       eprint = {1702.01140},
 primaryClass = {astro-ph.GA},
       adsurl = {https://ui.adsabs.harvard.edu/abs/2018ApJ...853..179T},
      adsnote = {Provided by the SAO/NASA Astrophysics Data System}
}


@ARTICLE{christensen12,
       author = {{Christensen}, Charlotte and {Quinn}, Thomas and {Governato}, Fabio and {Stilp}, Adrienne and {Shen}, Sijing and {Wadsley}, James},
        title = "{Implementing molecular hydrogen in hydrodynamic simulations of galaxy formation}",
      journal = {\mnras},
     keywords = {hydrodynamics, stars: formation, ISM: molecules, galaxies: dwarf, galaxies: evolution, Astrophysics - Cosmology and Nongalactic Astrophysics},
         year = 2012,
        month = oct,
       volume = {425},
       number = {4},
        pages = {3058-3076},
          doi = {10.1111/j.1365-2966.2012.21628.x},
archivePrefix = {arXiv},
       eprint = {1205.5567},
 primaryClass = {astro-ph.CO},
       adsurl = {https://ui.adsabs.harvard.edu/abs/2012MNRAS.425.3058C},
      adsnote = {Provided by the SAO/NASA Astrophysics Data System}
}

@ARTICLE{zolotov12,
       author = {{Zolotov}, Adi and {Brooks}, Alyson M. and {Willman}, Beth and {Governato}, Fabio and {Pontzen}, Andrew and {Christensen}, Charlotte and {Dekel}, Avishai and {Quinn}, Tom and {Shen}, Sijing and {Wadsley}, James},
        title = "{Baryons Matter: Why Luminous Satellite Galaxies have Reduced Central Masses}",
      journal = {\apj},
     keywords = {galaxies: dwarf, Galaxy: halo, Astrophysics - Cosmology and Nongalactic Astrophysics},
         year = 2012,
        month = dec,
       volume = {761},
       number = {1},
          eid = {71},
        pages = {71},
          doi = {10.1088/0004-637X/761/1/71},
archivePrefix = {arXiv},
       eprint = {1207.0007},
 primaryClass = {astro-ph.CO},
       adsurl = {https://ui.adsabs.harvard.edu/abs/2012ApJ...761...71Z},
      adsnote = {Provided by the SAO/NASA Astrophysics Data System}
}

@ARTICLE{loebman12,
       author = {{Loebman}, Sarah R. and {Ivezi{\'c}}, {\v{Z}}eljko and {Quinn}, Thomas R. and {Governato}, Fabio and {Brooks}, Alyson M. and {Christensen}, Charlotte R. and {Juri{\'c}}, Mario},
        title = "{Constraints on the Shape of the Milky Way Dark Matter Halo from Jeans Equations Applied to Sloan Digital Sky Survey Data}",
      journal = {\apjl},
     keywords = {Galaxy: general, Galaxy: halo, Galaxy: kinematics and dynamics, Galaxy: structure, stars: kinematics and dynamics, stars: statistics, Astrophysics - Astrophysics of Galaxies, Astrophysics - Cosmology and Nongalactic Astrophysics},
         year = 2012,
        month = oct,
       volume = {758},
       number = {1},
          eid = {L23},
        pages = {L23},
          doi = {10.1088/2041-8205/758/1/L23},
archivePrefix = {arXiv},
       eprint = {1209.2708},
 primaryClass = {astro-ph.GA},
       adsurl = {https://ui.adsabs.harvard.edu/abs/2012ApJ...758L..23L},
      adsnote = {Provided by the SAO/NASA Astrophysics Data System}
}

@ARTICLE{BZ14,
       author = {{Brooks}, Alyson M. and {Zolotov}, Adi},
        title = "{Why Baryons Matter: The Kinematics of Dwarf Spheroidal Satellites}",
      journal = {\apj},
     keywords = {galaxies: dwarf, galaxies: evolution, galaxies: interactions, galaxies: kinematics and dynamics, Astrophysics - Cosmology and Nongalactic Astrophysics},
         year = 2014,
        month = may,
       volume = {786},
       number = {2},
          eid = {87},
        pages = {87},
          doi = {10.1088/0004-637X/786/2/87},
archivePrefix = {arXiv},
       eprint = {1207.2468},
 primaryClass = {astro-ph.CO},
       adsurl = {https://ui.adsabs.harvard.edu/abs/2014ApJ...786...87B},
      adsnote = {Provided by the SAO/NASA Astrophysics Data System}
}

@ARTICLE{frankel18,
       author = {{Frankel}, Neige and {Rix}, Hans-Walter and {Ting}, Yuan-Sen and {Ness}, Melissa and {Hogg}, David W.},
        title = "{Measuring Radial Orbit Migration in the Galactic Disk}",
      journal = {\apj},
     keywords = {Galaxy: abundances, Galaxy: disk, Galaxy: evolution, Galaxy: formation, ISM: abundances, stars: abundances, Astrophysics - Astrophysics of Galaxies},
         year = 2018,
        month = oct,
       volume = {865},
       number = {2},
          eid = {96},
        pages = {96},
          doi = {10.3847/1538-4357/aadba5},
archivePrefix = {arXiv},
       eprint = {1805.09198},
 primaryClass = {astro-ph.GA},
       adsurl = {https://ui.adsabs.harvard.edu/abs/2018ApJ...865...96F},
      adsnote = {Provided by the SAO/NASA Astrophysics Data System}
}

@ARTICLE{frankel20,
       author = {{Frankel}, Neige and {Sanders}, Jason and {Ting}, Yuan-Sen and {Rix}, Hans-Walter},
        title = "{Keeping It Cool: Much Orbit Migration, yet Little Heating, in the Galactic Disk}",
      journal = {\apj},
     keywords = {Galaxy abundances, Galaxy stellar disks, Milky Way Galaxy, Milky Way disk, Milky Way evolution, Milky Way dynamics, Galaxy dynamics, 574, 1594, 1054, 1050, 1052, 1051, 591, Astrophysics - Astrophysics of Galaxies},
         year = 2020,
        month = jun,
       volume = {896},
       number = {1},
          eid = {15},
        pages = {15},
          doi = {10.3847/1538-4357/ab910c},
archivePrefix = {arXiv},
       eprint = {2002.04622},
 primaryClass = {astro-ph.GA},
       adsurl = {https://ui.adsabs.harvard.edu/abs/2020ApJ...896...15F},
      adsnote = {Provided by the SAO/NASA Astrophysics Data System}
}


@ARTICLE{RL20,
       author = {{Ruiz-Lara}, Tom{\'a}s and {Gallart}, Carme and {Bernard}, Edouard J. and {Cassisi}, Santi},
        title = "{The recurrent impact of the Sagittarius dwarf on the star formation history of the Milky Way}",
      journal = {Nature Astronomy},
     keywords = {Astrophysics - Astrophysics of Galaxies},
         year = 2020,
        month = may,
       volume = {4},
        pages = {965-973},
          doi = {10.1038/s41550-020-1097-0},
archivePrefix = {arXiv},
       eprint = {2003.12577},
 primaryClass = {astro-ph.GA},
       adsurl = {https://ui.adsabs.harvard.edu/abs/2020NatAs...4..965R},
      adsnote = {Provided by the SAO/NASA Astrophysics Data System}
}
@ARTICLE{bonaca20,
       author = {{Bonaca}, Ana and {Conroy}, Charlie and {Cargile}, Phillip A. and {Naidu}, Rohan P. and {Johnson}, Benjamin D. and {Zaritsky}, Dennis and {Ting}, Yuan-Sen and {Caldwell}, Nelson and {Han}, Jiwon Jesse and {van Dokkum}, Pieter},
        title = "{Timing the Early Assembly of the Milky Way with the H3 Survey}",
      journal = {\apjl},
     keywords = {Milky Way stellar halo, Milky Way dynamics, Galaxy evolution, Astrometry, Galaxy chemical evolution, Galaxy formation, Spectroscopy, Stellar ages, Milky Way Galaxy, 1060, 1051, 594, 80, 580, 595, 1558, 1581, 1054, Astrophysics - Astrophysics of Galaxies},
         year = 2020,
        month = jul,
       volume = {897},
       number = {1},
          eid = {L18},
        pages = {L18},
          doi = {10.3847/2041-8213/ab9caa},
archivePrefix = {arXiv},
       eprint = {2004.11384},
 primaryClass = {astro-ph.GA},
       adsurl = {https://ui.adsabs.harvard.edu/abs/2020ApJ...897L..18B},
      adsnote = {Provided by the SAO/NASA Astrophysics Data System}
}

@ARTICLE{helmi18,
       author = {{Helmi}, Amina and {Babusiaux}, Carine and {Koppelman}, Helmer H. and {Massari}, Davide and {Veljanoski}, Jovan and {Brown}, Anthony G.~A.},
        title = "{The merger that led to the formation of the Milky Way's inner stellar halo and thick disk}",
      journal = {\nat},
     keywords = {Astrophysics - Astrophysics of Galaxies},
         year = 2018,
        month = oct,
       volume = {563},
       number = {7729},
        pages = {85-88},
          doi = {10.1038/s41586-018-0625-x},
archivePrefix = {arXiv},
       eprint = {1806.06038},
 primaryClass = {astro-ph.GA},
       adsurl = {https://ui.adsabs.harvard.edu/abs/2018Natur.563...85H},
      adsnote = {Provided by the SAO/NASA Astrophysics Data System}
}


@ARTICLE{MCM13,
       author = {{Minchev}, I. and {Chiappini}, C. and {Martig}, M.},
        title = "{Chemodynamical evolution of the Milky Way disk. I. The solar vicinity}",
      journal = {\aap},
     keywords = {Galaxy: kinematics and dynamics, galaxies: evolution, Galaxy: evolution, Galaxy: abundances, solar neighborhood, Galaxy: formation, Astrophysics - Astrophysics of Galaxies, Astrophysics - Cosmology and Nongalactic Astrophysics},
         year = 2013,
        month = oct,
       volume = {558},
          eid = {A9},
        pages = {A9},
          doi = {10.1051/0004-6361/201220189},
archivePrefix = {arXiv},
       eprint = {1208.1506},
 primaryClass = {astro-ph.GA},
       adsurl = {https://ui.adsabs.harvard.edu/abs/2013A&A...558A...9M},
      adsnote = {Provided by the SAO/NASA Astrophysics Data System}
}

@ARTICLE{MCM14,
       author = {{Minchev}, I. and {Chiappini}, C. and {Martig}, M.},
        title = "{Chemodynamical evolution of the Milky Way disk. II. Variations with Galactic radius and height above the disk plane}",
      journal = {\aap},
     keywords = {Galaxy: kinematics and dynamics, galaxies: evolution, Galaxy: abundances, Galaxy: formation, Galaxy: evolution, Galaxy: disk, Astrophysics - Astrophysics of Galaxies, Astrophysics - Cosmology and Nongalactic Astrophysics},
         year = 2014,
        month = dec,
       volume = {572},
          eid = {A92},
        pages = {A92},
          doi = {10.1051/0004-6361/201423487},
archivePrefix = {arXiv},
       eprint = {1401.5796},
 primaryClass = {astro-ph.GA},
       adsurl = {https://ui.adsabs.harvard.edu/abs/2014A&A...572A..92M},
      adsnote = {Provided by the SAO/NASA Astrophysics Data System}
}

@ARTICLE{spitoni19,
       author = {{Spitoni}, E. and {Silva Aguirre}, V. and {Matteucci}, F. and {Calura}, F. and {Grisoni}, V.},
        title = "{Galactic Archaeology with asteroseismic ages: Evidence for delayed gas infall in the formation of the Milky Way disc}",
      journal = {\aap},
     keywords = {Galaxy: abundances, Galaxy: evolution, ISM: general, asteroseismology, Astrophysics - Astrophysics of Galaxies},
         year = 2019,
        month = mar,
       volume = {623},
          eid = {A60},
        pages = {A60},
          doi = {10.1051/0004-6361/201834188},
archivePrefix = {arXiv},
       eprint = {1809.00914},
 primaryClass = {astro-ph.GA},
       adsurl = {https://ui.adsabs.harvard.edu/abs/2019A&A...623A..60S},
      adsnote = {Provided by the SAO/NASA Astrophysics Data System}
}

@ARTICLE{spitoni20,
       author = {{Spitoni}, E. and {Verma}, K. and {Silva Aguirre}, V. and {Calura}, F.},
        title = "{Galactic archaeology with asteroseismic ages. II. Confirmation of a delayed gas infall using Bayesian analysis based on MCMC methods}",
      journal = {\aap},
     keywords = {Galaxy: abundances, Galaxy: evolution, ISM: general, asteroseismology, methods: statistical, Astrophysics - Astrophysics of Galaxies},
         year = 2020,
        month = mar,
       volume = {635},
          eid = {A58},
        pages = {A58},
          doi = {10.1051/0004-6361/201937275},
archivePrefix = {arXiv},
       eprint = {1912.04312},
 primaryClass = {astro-ph.GA},
       adsurl = {https://ui.adsabs.harvard.edu/abs/2020A&A...635A..58S},
      adsnote = {Provided by the SAO/NASA Astrophysics Data System}
}

@ARTICLE{spitoni21,
       author = {{Spitoni}, E. and {Verma}, K. and {Silva Aguirre}, V. and {Vincenzo}, F. and {Matteucci}, F. and {Vai{\v{c}}ekauskait{\.{e}}}, B. and {Palla}, M. and {Grisoni}, V. and {Calura}, F.},
        title = "{APOGEE DR16: A multi-zone chemical evolution model for the Galactic disc based on MCMC methods}",
      journal = {\aap},
     keywords = {Galaxy: abundances, Galaxy: evolution, ISM: general, methods: statistical, Astrophysics - Astrophysics of Galaxies},
         year = 2021,
        month = mar,
       volume = {647},
          eid = {A73},
        pages = {A73},
          doi = {10.1051/0004-6361/202039864},
archivePrefix = {arXiv},
       eprint = {2101.08803},
 primaryClass = {astro-ph.GA},
       adsurl = {https://ui.adsabs.harvard.edu/abs/2021A&A...647A..73S},
      adsnote = {Provided by the SAO/NASA Astrophysics Data System}
}

@misc{pandas,
    author       = {The pandas development team},
    title        = {pandas-dev/pandas: Pandas},
    month        = feb,
    year         = 2020,
    publisher    = {Zenodo},
    version      = {latest},
    doi          = {10.5281/zenodo.3509134},
    url          = {https://doi.org/10.5281/zenodo.3509134}
}

@article{astropy:2013,
Adsnote = {Provided by the SAO/NASA Astrophysics Data System},
Adsurl = {http://adsabs.harvard.edu/abs/2013A%26A...558A..33A},
Archiveprefix = {arXiv},
Author = {{Astropy Collaboration} and {Robitaille}, T.~P. and {Tollerud}, E.~J.
          and {Greenfield}, P. and {Droettboom}, M. and {Bray}, E. and
          {Aldcroft}, T. and {Davis}, M. and {Ginsburg}, A. and {Price-Whelan},
          A.~M. and {Kerzendorf}, W.~E. and {Conley}, A. and {Crighton}, N. and
          {Barbary}, K. and {Muna}, D. and {Ferguson}, H. and {Grollier}, F.
          and {Parikh}, M.~M. and {Nair}, P.~H. and {Unther}, H.~M. and {Deil},
          C. and {Woillez}, J. and {Conseil}, S. and {Kramer}, R. and {Turner},
          J.~E.~H. and {Singer}, L. and {Fox}, R. and {Weaver}, B.~A. and
          {Zabalza}, V. and {Edwards}, Z.~I. and {Azalee Bostroem}, K. and
          {Burke}, D.~J. and {Casey}, A.~R. and {Crawford}, S.~M. and
          {Dencheva}, N. and {Ely}, J. and {Jenness}, T. and {Labrie}, K. and
          {Lim}, P.~L. and {Pierfederici}, F. and {Pontzen}, A. and {Ptak}, A.
          and {Refsdal}, B. and {Servillat}, M. and {Streicher}, O.},
Doi = {10.1051/0004-6361/201322068},
Eid = {A33},
Eprint = {1307.6212},
Journal = {\aap},
Keywords = {methods: data analysis, methods: miscellaneous, virtual observatory tools},
Month = oct,
Pages = {A33},
Primaryclass = {astro-ph.IM},
Title = {{Astropy: A community Python package for astronomy}},
Volume = 558,
Year = 2013,
Bdsk-Url-1 = {https://dx.doi.org/10.1051/0004-6361/201322068}}

@ARTICLE{astropy:2018,
       author = {{Astropy Collaboration} and {Price-Whelan}, A.~M. and
         {Sip{\H{o}}cz}, B.~M. and {G{\"u}nther}, H.~M. and {Lim}, P.~L. and
         {Crawford}, S.~M. and {Conseil}, S. and {Shupe}, D.~L. and
         {Craig}, M.~W. and {Dencheva}, N. and {Ginsburg}, A. and {Vand
        erPlas}, J.~T. and {Bradley}, L.~D. and {P{\'e}rez-Su{\'a}rez}, D. and
         {de Val-Borro}, M. and {Aldcroft}, T.~L. and {Cruz}, K.~L. and
         {Robitaille}, T.~P. and {Tollerud}, E.~J. and {Ardelean}, C. and
         {Babej}, T. and {Bach}, Y.~P. and {Bachetti}, M. and {Bakanov}, A.~V. and
         {Bamford}, S.~P. and {Barentsen}, G. and {Barmby}, P. and
         {Baumbach}, A. and {Berry}, K.~L. and {Biscani}, F. and {Boquien}, M. and
         {Bostroem}, K.~A. and {Bouma}, L.~G. and {Brammer}, G.~B. and
         {Bray}, E.~M. and {Breytenbach}, H. and {Buddelmeijer}, H. and
         {Burke}, D.~J. and {Calderone}, G. and {Cano Rodr{\'\i}guez}, J.~L. and
         {Cara}, M. and {Cardoso}, J.~V.~M. and {Cheedella}, S. and {Copin}, Y. and
         {Corrales}, L. and {Crichton}, D. and {D'Avella}, D. and {Deil}, C. and
         {Depagne}, {\'E}. and {Dietrich}, J.~P. and {Donath}, A. and
         {Droettboom}, M. and {Earl}, N. and {Erben}, T. and {Fabbro}, S. and
         {Ferreira}, L.~A. and {Finethy}, T. and {Fox}, R.~T. and
         {Garrison}, L.~H. and {Gibbons}, S.~L.~J. and {Goldstein}, D.~A. and
         {Gommers}, R. and {Greco}, J.~P. and {Greenfield}, P. and
         {Groener}, A.~M. and {Grollier}, F. and {Hagen}, A. and {Hirst}, P. and
         {Homeier}, D. and {Horton}, A.~J. and {Hosseinzadeh}, G. and {Hu}, L. and
         {Hunkeler}, J.~S. and {Ivezi{\'c}}, {\v{Z}}. and {Jain}, A. and
         {Jenness}, T. and {Kanarek}, G. and {Kendrew}, S. and {Kern}, N.~S. and
         {Kerzendorf}, W.~E. and {Khvalko}, A. and {King}, J. and {Kirkby}, D. and
         {Kulkarni}, A.~M. and {Kumar}, A. and {Lee}, A. and {Lenz}, D. and
         {Littlefair}, S.~P. and {Ma}, Z. and {Macleod}, D.~M. and
         {Mastropietro}, M. and {McCully}, C. and {Montagnac}, S. and
         {Morris}, B.~M. and {Mueller}, M. and {Mumford}, S.~J. and {Muna}, D. and
         {Murphy}, N.~A. and {Nelson}, S. and {Nguyen}, G.~H. and
         {Ninan}, J.~P. and {N{\"o}the}, M. and {Ogaz}, S. and {Oh}, S. and
         {Parejko}, J.~K. and {Parley}, N. and {Pascual}, S. and {Patil}, R. and
         {Patil}, A.~A. and {Plunkett}, A.~L. and {Prochaska}, J.~X. and
         {Rastogi}, T. and {Reddy Janga}, V. and {Sabater}, J. and
         {Sakurikar}, P. and {Seifert}, M. and {Sherbert}, L.~E. and
         {Sherwood-Taylor}, H. and {Shih}, A.~Y. and {Sick}, J. and
         {Silbiger}, M.~T. and {Singanamalla}, S. and {Singer}, L.~P. and
         {Sladen}, P.~H. and {Sooley}, K.~A. and {Sornarajah}, S. and
         {Streicher}, O. and {Teuben}, P. and {Thomas}, S.~W. and
         {Tremblay}, G.~R. and {Turner}, J.~E.~H. and {Terr{\'o}n}, V. and
         {van Kerkwijk}, M.~H. and {de la Vega}, A. and {Watkins}, L.~L. and
         {Weaver}, B.~A. and {Whitmore}, J.~B. and {Woillez}, J. and
         {Zabalza}, V. and {Astropy Contributors}},
        title = "{The Astropy Project: Building an Open-science Project and Status of the v2.0 Core Package}",
      journal = {\aj},
     keywords = {methods: data analysis, methods: miscellaneous, methods: statistical, reference systems, Astrophysics - Instrumentation and Methods for Astrophysics},
         year = 2018,
        month = sep,
       volume = {156},
       number = {3},
          eid = {123},
        pages = {123},
          doi = {10.3847/1538-3881/aabc4f},
archivePrefix = {arXiv},
       eprint = {1801.02634},
 primaryClass = {astro-ph.IM},
       adsurl = {https://ui.adsabs.harvard.edu/abs/2018AJ....156..123A},
      adsnote = {Provided by the SAO/NASA Astrophysics Data System}
}

@ARTICLE{astropy:2022,
       author = {{Astropy Collaboration} and {Price-Whelan}, Adrian M. and
                 {Lim}, Pey Lian and {Earl}, Nicholas and {Starkman}, Nathaniel
                 and {Bradley}, Larry and {Shupe}, David L. and {Patil}, Aarya
                 A. and {Corrales}, Lia and {Brasseur}, C.~E. and {N{\"o}the},
                 Maximilian and {Donath}, Axel and {Tollerud}, Erik and
                 {Morris}, Brett M. and {Ginsburg}, Adam and {Vaher}, Eero and
                 {Weaver}, Benjamin A. and {Tocknell}, James and {Jamieson},
                 William and {van Kerkwijk}, Marten H. and {Robitaille}, Thomas
                 P. and {Merry}, Bruce and {Bachetti}, Matteo and
                 {G{\"u}nther}, H. Moritz and {Aldcroft}, Thomas L. and
                 {Alvarado-Montes}, Jaime A. and {Archibald}, Anne M. and
                 {B{\'o}di}, Attila and {Bapat}, Shreyas and {Barentsen}, Geert
                 and {Baz{\'a}n}, Juanjo and {Biswas}, Manish and {Boquien},
                 M{\'e}d{\'e}ric and {Burke}, D.~J. and {Cara}, Daria and
                 {Cara}, Mihai and {Conroy}, Kyle E. and {Conseil}, Simon and
                 {Craig}, Matthew W.  and {Cross}, Robert M. and {Cruz}, Kelle
                 L. and {D'Eugenio}, Francesco and {Dencheva}, Nadia and
                 {Devillepoix}, Hadrien A.~R. and {Dietrich}, J{\"o}rg P. and
                 {Eigenbrot}, Arthur Davis and {Erben}, Thomas and {Ferreira},
                 Leonardo and {Foreman-Mackey}, Daniel and {Fox}, Ryan and
                 {Freij}, Nabil and {Garg}, Suyog and {Geda}, Robel and
                 {Glattly}, Lauren and {Gondhalekar}, Yash and {Gordon}, Karl
                 D. and {Grant}, David and {Greenfield}, Perry and {Groener},
                 Austen M. and {Guest}, Steve and {Gurovich}, Sebastian and
                 {Handberg}, Rasmus and {Hart}, Akeem and {Hatfield-Dodds}, Zac
                 and {Homeier}, Derek and {Hosseinzadeh}, Griffin and
                 {Jenness}, Tim and {Jones}, Craig K. and {Joseph}, Prajwel and
                 {Kalmbach}, J. Bryce and {Karamehmetoglu}, Emir and
                 {Ka{\l}uszy{\'n}ski}, Miko{\l}aj and {Kelley}, Michael S.~P.
                 and {Kern}, Nicholas and {Kerzendorf}, Wolfgang E. and {Koch},
                 Eric W. and {Kulumani}, Shankar and {Lee}, Antony and {Ly},
                 Chun and {Ma}, Zhiyuan and {MacBride}, Conor and {Maljaars},
                 Jakob M.  and {Muna}, Demitri and {Murphy}, N.~A. and
                 {Norman}, Henrik and {O'Steen}, Richard and {Oman}, Kyle A.
                 and {Pacifici}, Camilla and {Pascual}, Sergio and
                 {Pascual-Granado}, J. and {Patil}, Rohit R. and {Perren},
                 Gabriel I. and {Pickering}, Timothy E. and {Rastogi}, Tanuj
                 and {Roulston}, Benjamin R. and {Ryan}, Daniel F. and
                 {Rykoff}, Eli S. and {Sabater}, Jose and {Sakurikar},
                 Parikshit and {Salgado}, Jes{\'u}s and {Sanghi}, Aniket and
                 {Saunders}, Nicholas and {Savchenko}, Volodymyr and
                 {Schwardt}, Ludwig and {Seifert-Eckert}, Michael and {Shih},
                 Albert Y. and {Jain}, Anany Shrey and {Shukla}, Gyanendra and
                 {Sick}, Jonathan and {Simpson}, Chris and {Singanamalla},
                 Sudheesh and {Singer}, Leo P. and {Singhal}, Jaladh 
                 and {Sinha}, Manodeep and {Sip{\H{o}}cz}, Brigitta M. and
                 {Spitler}, Lee R. and {Stansby}, David and {Streicher}, Ole
                 and {{\v{S}}umak}, Jani and {Swinbank}, John D. and {Taranu},
                 Dan S. and {Tewary}, Nikita and {Tremblay}, Grant R. and {de
                 Val-Borro}, Miguel and {Van Kooten}, Samuel J. and
                {Vasovi{\'c}}, Zlatan and {Verma}, Shresth and {de Miranda Cardoso},
                Jos{\'e} Vin{\'\i}cius and {Williams}, Peter K.~G.  and {Wilson}, Tom J.
                and {Winkel}, Benjamin and {Wood-Vasey}, W.~M. and {Xue}, Rui and
                {Yoachim}, Peter and {Zhang}, Chen and {Zonca}, Andrea 
                and {Astropy Project Contributors}},
        title = "{The Astropy Project: Sustaining and Growing a Community-oriented Open-source Project and the Latest Major Release (v5.0) of the Core Package}",
      journal = {\apj},
     keywords = {Astronomy software, Open source software, Astronomy data analysis, 1855, 1866, 1858, Astrophysics - Instrumentation and Methods for Astrophysics},
         year = 2022,
        month = aug,
       volume = {935},
       number = {2},
          eid = {167},
        pages = {167},
          doi = {10.3847/1538-4357/ac7c74},
archivePrefix = {arXiv},
       eprint = {2206.14220},
 primaryClass = {astro-ph.IM},
       adsurl = {https://ui.adsabs.harvard.edu/abs/2022ApJ...935..167A},
      adsnote = {Provided by the SAO/NASA Astrophysics Data System}
}



@Article{ipy,
  Author    = {P\'erez, Fernando and Granger, Brian E.},
  Title     = {{IP}ython: a System for Interactive Scientific Computing},
  Journal   = {Computing in Science and Engineering},
  Volume    = {9},
  Number    = {3},
  Pages     = {21--29},
  month     = may,
  year      = 2007,
  url       = "https://ipython.org",
  ISSN      = "1521-9615",
  doi       = {10.1109/MCSE.2007.53},
  publisher = {IEEE Computer Society},
}



@ARTICLE{scipy,
  author  = {Virtanen, Pauli and Gommers, Ralf and Oliphant, Travis E. and
            Haberland, Matt and Reddy, Tyler and Cournapeau, David and
            Burovski, Evgeni and Peterson, Pearu and Weckesser, Warren and
            Bright, Jonathan and {van der Walt}, St{\'e}fan J. and
            Brett, Matthew and Wilson, Joshua and Millman, K. Jarrod and
            Mayorov, Nikolay and Nelson, Andrew R. J. and Jones, Eric and
            Kern, Robert and Larson, Eric and Carey, C J and
            Polat, {\.I}lhan and Feng, Yu and Moore, Eric W. and
            {VanderPlas}, Jake and Laxalde, Denis and Perktold, Josef and
            Cimrman, Robert and Henriksen, Ian and Quintero, E. A. and
            Harris, Charles R. and Archibald, Anne M. and
            Ribeiro, Ant{\^o}nio H. and Pedregosa, Fabian and
            {van Mulbregt}, Paul and {SciPy 1.0 Contributors}},
  title   = {{{SciPy} 1.0: Fundamental Algorithms for Scientific
            Computing in Python}},
  journal = {Nature Methods},
  year    = {2020},
  volume  = {17},
  pages   = {261--272},
  adsurl  = {https://rdcu.be/b08Wh},
  doi     = {10.1038/s41592-019-0686-2},
}


@ARTICLE{FN15,
       author = {{Frebel}, Anna and {Norris}, John E.},
        title = "{Near-Field Cosmology with Extremely Metal-Poor Stars}",
      journal = {\araa},
     keywords = {Astrophysics - Solar and Stellar Astrophysics, Astrophysics - Astrophysics of Galaxies},
         year = 2015,
        month = aug,
       volume = {53},
        pages = {631-688},
          doi = {10.1146/annurev-astro-082214-122423},
archivePrefix = {arXiv},
       eprint = {1501.06921},
 primaryClass = {astro-ph.SR},
       adsurl = {https://ui.adsabs.harvard.edu/abs/2015ARA&A..53..631F},
      adsnote = {Provided by the SAO/NASA Astrophysics Data System}
}

@ARTICLE{martig16,
       author = {{Martig}, Marie and {Fouesneau}, Morgan and {Rix}, Hans-Walter and {Ness}, Melissa and {M{\'e}sz{\'a}ros}, Szabolcs and {Garc{\'\i}a-Hern{\'a}ndez}, D.~A. and {Pinsonneault}, Marc and {Serenelli}, Aldo and {Silva Aguirre}, Victor and {Zamora}, Olga},
        title = "{Red giant masses and ages derived from carbon and nitrogen abundances}",
      journal = {\mnras},
     keywords = {stars: abundances, stars: evolution, stars: fundamental parameters, Astrophysics - Solar and Stellar Astrophysics, Astrophysics - Astrophysics of Galaxies},
         year = 2016,
        month = mar,
       volume = {456},
       number = {4},
        pages = {3655-3670},
          doi = {10.1093/mnras/stv2830},
archivePrefix = {arXiv},
       eprint = {1511.08203},
 primaryClass = {astro-ph.SR},
       adsurl = {https://ui.adsabs.harvard.edu/abs/2016MNRAS.456.3655M},
      adsnote = {Provided by the SAO/NASA Astrophysics Data System}
}

@ARTICLE{jennifer19,
       author = {{Johnson}, Jennifer A.},
        title = "{Populating the periodic table: Nucleosynthesis of the elements}",
      journal = {Science},
     keywords = {ASTRONOMY, CHEMISTRY, GEOCHEM PHYS},
         year = 2019,
        month = feb,
       volume = {363},
       number = {6426},
        pages = {474-478},
          doi = {10.1126/science.aau9540},
       adsurl = {https://ui.adsabs.harvard.edu/abs/2019Sci...363..474J},
      adsnote = {Provided by the SAO/NASA Astrophysics Data System}
}

@ARTICLE{solar-fusion,
       author = {{Adelberger}, E.~G. and {Garc{\'\i}a}, A. and {Robertson},
                 R.~G. Hamish and {Snover}, K.~A. and {Balantekin}, A.~B. and
                 {Heeger}, K. and {Ramsey-Musolf}, M.~J. and {Bemmerer}, D. and
                 {Junghans}, A. and {Bertulani}, C.~A. and {Chen}, J. -W. and
                 {Costantini}, H. and {Prati}, P. and {Couder}, M. and
                 {Uberseder}, E. and {Wiescher}, M. and {Cyburt}, R. and
                 {Davids}, B. and {Freedman}, S.~J. and {Gai}, M. and {Gazit},
                 D. and {Gialanella}, L. and {Imbriani}, G. and {Greife}, U.
                 and {Hass}, M. and {Haxton}, W.~C. and {Itahashi}, T. and
                 {Kubodera}, K. and {Langanke}, K. and {Leitner}, D. and
                 {Leitner}, M. and {Vetter}, P. and {Winslow}, L. and
                 {Marcucci}, L.~E. and {Motobayashi}, T. and {Mukhamedzhanov},
                 A. and {Tribble}, R.~E. and {Nollett}, Kenneth M. and {Nunes},
                 F.~M. and {Park}, T. -S. and {Parker}, P.~D. and {Schiavilla},
                 R. and {Simpson}, E.~C. and {Spitaleri}, C. and {Strieder}, F.
                 and {Trautvetter}, H. -P. and {Suemmerer}, K. and {Typel}, S.},
        title = "{Solar fusion cross sections. II. The pp chain and CNO cycles}",
      journal = {Reviews of Modern Physics},
     keywords = {26.20.Cd, 26.65.+t, 96.60.Jw, 25.10.+s, Stellar hydrogen burning, Solar neutrinos, Solar interior, Nuclear reactions involving few-nucleon systems, Nuclear Experiment, Astrophysics - Solar and Stellar Astrophysics, High Energy Physics - Experiment, Nuclear Theory},
         year = 2011,
        month = jan,
       volume = {83},
       number = {1},
        pages = {195-246},
          doi = {10.1103/RevModPhys.83.195},
archivePrefix = {arXiv},
       eprint = {1004.2318},
 primaryClass = {nucl-ex},
       adsurl = {https://ui.adsabs.harvard.edu/abs/2011RvMP...83..195A},
      adsnote = {Provided by the SAO/NASA Astrophysics Data System}
}
@ARTICLE{larson74,
       author = {{Larson}, Richard B.},
        title = "{Dynamical models for the formation and evolution of spherical galaxies}",
      journal = {\mnras},
         year = 1974,
        month = mar,
       volume = {166},
        pages = {585-616},
          doi = {10.1093/mnras/166.3.585},
       adsurl = {https://ui.adsabs.harvard.edu/abs/1974MNRAS.166..585L},
      adsnote = {Provided by the SAO/NASA Astrophysics Data System}
}

@ARTICLE{larson72,
       author = {{Larson}, Richard B.},
        title = "{Effect of Infalling Matter on the Heavy Element Content of a Galaxy}",
      journal = {Nature Physical Science},
         year = 1972,
        month = mar,
       volume = {236},
       number = {62},
        pages = {7-8},
          doi = {10.1038/physci236007a0},
       adsurl = {https://ui.adsabs.harvard.edu/abs/1972NPhS..236....7L},
      adsnote = {Provided by the SAO/NASA Astrophysics Data System}
}

@ARTICLE{FD08,
       author = {{Finlator}, Kristian and {Dav{\'e}}, Romeel},
        title = "{The origin of the galaxy mass-metallicity relation and implications for galactic outflows}",
      journal = {\mnras},
     keywords = {galaxies: abundances, galaxies: evolution, cosmology: theory, Astrophysics},
         year = 2008,
        month = apr,
       volume = {385},
       number = {4},
        pages = {2181-2204},
          doi = {10.1111/j.1365-2966.2008.12991.x},
archivePrefix = {arXiv},
       eprint = {0704.3100},
 primaryClass = {astro-ph},
       adsurl = {https://ui.adsabs.harvard.edu/abs/2008MNRAS.385.2181F},
      adsnote = {Provided by the SAO/NASA Astrophysics Data System}
}

@ARTICLE{PS11,
       author = {{Peeples}, Molly S. and {Shankar}, Francesco},
        title = "{Constraints on star formation driven galaxy winds from the mass-metallicity relation at z= 0}",
      journal = {\mnras},
     keywords = {ISM: abundances, ISM: jets and outflows, galaxies: abundances, galaxies: evolution, galaxies: fundamental parameters, galaxies: ISM, Astrophysics - Cosmology and Extragalactic Astrophysics},
         year = 2011,
        month = nov,
       volume = {417},
       number = {4},
        pages = {2962-2981},
          doi = {10.1111/j.1365-2966.2011.19456.x},
archivePrefix = {arXiv},
       eprint = {1007.3743},
 primaryClass = {astro-ph.CO},
       adsurl = {https://ui.adsabs.harvard.edu/abs/2011MNRAS.417.2962P},
      adsnote = {Provided by the SAO/NASA Astrophysics Data System}
}

@ARTICLE{lilly13,
       author = {{Lilly}, Simon J. and {Carollo}, C. Marcella and {Pipino}, Antonio and {Renzini}, Alvio and {Peng}, Yingjie},
        title = "{Gas Regulation of Galaxies: The Evolution of the Cosmic Specific Star Formation Rate, the Metallicity-Mass-Star-formation Rate Relation, and the Stellar Content of Halos}",
      journal = {\apj},
     keywords = {dark matter, galaxies: abundances, galaxies: evolution, galaxies: halos, galaxies: ISM, Astrophysics - Cosmology and Nongalactic Astrophysics},
         year = 2013,
        month = aug,
       volume = {772},
       number = {2},
          eid = {119},
        pages = {119},
          doi = {10.1088/0004-637X/772/2/119},
archivePrefix = {arXiv},
       eprint = {1303.5059},
 primaryClass = {astro-ph.CO},
       adsurl = {https://ui.adsabs.harvard.edu/abs/2013ApJ...772..119L},
      adsnote = {Provided by the SAO/NASA Astrophysics Data System}
}

@ARTICLE{tinsley80,
       author = {{Tinsley}, B.~M.},
        title = "{Evolution of the Stars and Gas in Galaxies}",
      journal = {\fcp},
     keywords = {Astrophysics - Astrophysics of Galaxies},
         year = 1980,
        month = jan,
       volume = {5},
        pages = {287-388},
          doi = {10.48550/arXiv.2203.02041},
archivePrefix = {arXiv},
       eprint = {2203.02041},
 primaryClass = {astro-ph.GA},
       adsurl = {https://ui.adsabs.harvard.edu/abs/1980FCPh....5..287T},
      adsnote = {Provided by the SAO/NASA Astrophysics Data System}
}

@book{pagel09, place={Cambridge}, edition={2}, 
    title={Nucleosynthesis and Chemical Evolution of Galaxies}, 
    DOI={10.1017/CBO9780511812170},
    publisher={Cambridge University Press}, 
    author={Pagel, Bernard E. J.},
    year={2009}
}

@ARTICLE{dalcanton07,
       author = {{Dalcanton}, Julianne J.},
        title = "{The Metallicity of Galaxy Disks: Infall versus Outflow}",
      journal = {\apj},
     keywords = {Galaxies: Abundances, Galaxies: Evolution, Galaxies: Formation, Galaxies: ISM, ISM: Evolution, Astrophysics},
         year = 2007,
        month = apr,
       volume = {658},
       number = {2},
        pages = {941-959},
          doi = {10.1086/508913},
archivePrefix = {arXiv},
       eprint = {astro-ph/0608590},
 primaryClass = {astro-ph},
       adsurl = {https://ui.adsabs.harvard.edu/abs/2007ApJ...658..941D},
      adsnote = {Provided by the SAO/NASA Astrophysics Data System}
}

@ARTICLE{lambert86,
       author = {{Lambert}, David L. and {Gustafsson}, Bengt and {Eriksson}, Kjell and {Hinkle}, Kenneth H.},
        title = "{The Chemical Composition of Carbon Stars. I. Carbon, Nitrogen, and Oxygen in 30 Cool Carbon Stars in the Galactic Disk}",
      journal = {\apjs},
     keywords = {Carbon Stars, Cool Stars, Stellar Composition, Stellar Spectra, Astronomical Catalogs, Atmospheric Models, Carbon, Line Spectra, Metallicity, Nitrogen, Oxygen, Spectral Bands, Astrophysics, STARS: ABUNDANCES, STARS: CARBON},
         year = 1986,
        month = oct,
       volume = {62},
        pages = {373},
          doi = {10.1086/191145},
       adsurl = {https://ui.adsabs.harvard.edu/abs/1986ApJS...62..373L},
      adsnote = {Provided by the SAO/NASA Astrophysics Data System}
}

@ARTICLE{aspcap,
       author = {{Garc{\'\i}a P{\'e}rez}, Ana E. and {Allende Prieto}, Carlos and {Holtzman}, Jon A. and {Shetrone}, Matthew and {M{\'e}sz{\'a}ros}, Szabolcs and {Bizyaev}, Dmitry and {Carrera}, Ricardo and {Cunha}, Katia and {Garc{\'\i}a-Hern{\'a}ndez}, D.~A. and {Johnson}, Jennifer A. and {Majewski}, Steven R. and {Nidever}, David L. and {Schiavon}, Ricardo P. and {Shane}, Neville and {Smith}, Verne V. and {Sobeck}, Jennifer and {Troup}, Nicholas and {Zamora}, Olga and {Weinberg}, David H. and {Bovy}, Jo and {Eisenstein}, Daniel J. and {Feuillet}, Diane and {Frinchaboy}, Peter M. and {Hayden}, Michael R. and {Hearty}, Fred R. and {Nguyen}, Duy C. and {O'Connell}, Robert W. and {Pinsonneault}, Marc H. and {Wilson}, John C. and {Zasowski}, Gail},
        title = "{ASPCAP: The APOGEE Stellar Parameter and Chemical Abundances Pipeline}",
      journal = {\aj},
     keywords = {Galaxy: center, Galaxy: structure, methods: data analysis, stars: abundances, stars: atmospheres, Astrophysics - Solar and Stellar Astrophysics},
         year = 2016,
        month = jun,
       volume = {151},
       number = {6},
          eid = {144},
        pages = {144},
          doi = {10.3847/0004-6256/151/6/144},
archivePrefix = {arXiv},
       eprint = {1510.07635},
 primaryClass = {astro-ph.SR},
       adsurl = {https://ui.adsabs.harvard.edu/abs/2016AJ....151..144G},
      adsnote = {Provided by the SAO/NASA Astrophysics Data System}
}

@ARTICLE{hasselquist19,
       author = {{Hasselquist}, Sten and {Holtzman}, Jon A. and {Shetrone}, Matthew and {Tayar}, Jamie and {Weinberg}, David H. and {Feuillet}, Diane and {Cunha}, Katia and {Pinsonneault}, Marc H. and {Johnson}, Jennifer A. and {Bird}, Jonathan and {Beers}, Timothy C. and {Schiavon}, Ricardo and {Minchev}, Ivan and {Fern{\'a}ndez-Trincado}, J.~G. and {Garc{\'\i}a-Hern{\'a}ndez}, D.~A. and {Nitschelm}, Christian and {Zamora}, Olga},
        title = "{APOGEE [C/N] Abundances across the Galaxy: Migration and Infall from Red Giant Ages}",
      journal = {\apj},
     keywords = {Galaxy: abundances, Galaxy: disk, Galaxy: evolution, Astrophysics - Astrophysics of Galaxies},
         year = 2019,
        month = feb,
       volume = {871},
       number = {2},
          eid = {181},
        pages = {181},
          doi = {10.3847/1538-4357/aaf859},
archivePrefix = {arXiv},
       eprint = {1812.05092},
 primaryClass = {astro-ph.GA},
       adsurl = {https://ui.adsabs.harvard.edu/abs/2019ApJ...871..181H},
      adsnote = {Provided by the SAO/NASA Astrophysics Data System}
}

@ARTICLE{laird85,
       author = {{Laird}, J.~B.},
        title = "{Abundances in field dwarf stars. II. Carbon and nitrogen abundances.}",
      journal = {\apj},
     keywords = {Abundance, Carbon, Dwarf Stars, Galactic Evolution, Nitrogen, Stellar Composition, Chemical Evolution, Giant Stars, Milky Way Galaxy, Nuclear Fusion, Stellar Evolution, Stellar Mass, Stellar Spectra, Supernovae, Astrophysics},
         year = 1985,
        month = feb,
       volume = {289},
        pages = {556-569},
          doi = {10.1086/162916},
       adsurl = {https://ui.adsabs.harvard.edu/abs/1985ApJ...289..556L},
      adsnote = {Provided by the SAO/NASA Astrophysics Data System}
}

@ARTICLE{lambert81,
       author = {{Lambert}, D.~L. and {Ries}, L.~M.},
        title = "{Carbon, nitrogen, and oxygen abundances in G and K giants.}",
      journal = {\apj},
     keywords = {Abundance, G Stars, Giant Stars, K Stars, Line Spectra, Stellar Spectra, Subgiant Stars, Carbon Isotopes, Error Analysis, Frequency Distribution, Horizontal Branch Stars, Late Stars, Nitrogen Isotopes, Oxygen Isotopes, Red Giant Stars, Spectrum Analysis, Astrophysics},
         year = 1981,
        month = aug,
       volume = {248},
        pages = {228-248},
          doi = {10.1086/159147},
       adsurl = {https://ui.adsabs.harvard.edu/abs/1981ApJ...248..228L},
      adsnote = {Provided by the SAO/NASA Astrophysics Data System}
}

@ARTICLE{GR07,
       author = {{Garc{\'\i}a-Rojas}, Jorge and {Esteban}, C{\'e}sar},
        title = "{On the Abundance Discrepancy Problem in H II Regions}",
      journal = {\apj},
     keywords = {ISM: H II Regions, ISM: Abundances, Line: Identification, Astrophysics},
         year = 2007,
        month = nov,
       volume = {670},
       number = {1},
        pages = {457-470},
          doi = {10.1086/521871},
archivePrefix = {arXiv},
       eprint = {0707.3518},
 primaryClass = {astro-ph},
       adsurl = {https://ui.adsabs.harvard.edu/abs/2007ApJ...670..457G},
      adsnote = {Provided by the SAO/NASA Astrophysics Data System}
}

@ARTICLE{souto19,
       author = {{Souto}, Diogo and {Allende Prieto}, C. and {Cunha}, Katia and {Pinsonneault}, Marc and {Smith}, Verne V. and {Garcia-Dias}, R. and {Bovy}, Jo and {Garc{\'\i}a-Hern{\'a}ndez}, D.~A. and {Holtzman}, Jon and {Johnson}, J.~A. and {J{\"o}nsson}, Henrik and {Majewski}, Steve R. and {Shetrone}, Matthew and {Sobeck}, Jennifer and {Zamora}, Olga and {Pan}, Kaike and {Nitschelm}, Christian},
        title = "{Chemical Abundances of Main-sequence, Turnoff, Subgiant, and Red Giant Stars from APOGEE Spectra. II. Atomic Diffusion in M67 Stars}",
      journal = {\apj},
     keywords = {diffusion, infrared: stars, open clusters and associations: general, stars: abundances, Astrophysics - Solar and Stellar Astrophysics},
         year = 2019,
        month = mar,
       volume = {874},
       number = {1},
          eid = {97},
        pages = {97},
          doi = {10.3847/1538-4357/ab0b43},
archivePrefix = {arXiv},
       eprint = {1902.10199},
 primaryClass = {astro-ph.SR},
       adsurl = {https://ui.adsabs.harvard.edu/abs/2019ApJ...874...97S},
      adsnote = {Provided by the SAO/NASA Astrophysics Data System}
}

@ARTICLE{iben67,
       author = {{Iben}, Icko, Jr.},
        title = "{Stellar Evolution Within and off the Main Sequence}",
      journal = {\araa},
         year = 1967,
        month = jan,
       volume = {5},
        pages = {571},
          doi = {10.1146/annurev.aa.05.090167.003035},
       adsurl = {https://ui.adsabs.harvard.edu/abs/1967ARA&A...5..571I},
      adsnote = {Provided by the SAO/NASA Astrophysics Data System}
}

@ARTICLE{desi,
       author = {{DESI Collaboration} and {Aghamousa}, Amir and {Aguilar},
    Jessica and {Ahlen}, Steve and {Alam}, Shadab and {Allen},
    Lori E. and {Allende Prieto}, Carlos and {Annis}, James and
    {Bailey}, Stephen and {Balland}, Christophe and {Ballester},
    Otger and {Baltay}, Charles and {Beaufore}, Lucas and {Bebek},
    Chris and {Beers}, Timothy C. and {Bell}, Eric F. and
    {Bernal}, Jos{\'e} Luis and {Besuner}, Robert and {Beutler},
    Florian and {Blake}, Chris and {Bleuler}, Hannes and
    {Blomqvist}, Michael and {Blum}, Robert and {Bolton}, Adam S.
    and {Briceno}, Cesar and {Brooks}, David and {Brownstein},
    Joel R. and {Buckley-Geer}, Elizabeth and {Burden}, Angela and
    {Burtin}, Etienne and {Busca}, Nicolas G. and {Cahn}, Robert
    N. and {Cai}, Yan-Chuan and {Cardiel-Sas}, Laia and
    {Carlberg}, Raymond G. and {Carton}, Pierre-Henri and {Casas},
    Ricard and {Castander}, Francisco J. and {Cervantes-Cota},
    Jorge L. and {Claybaugh}, Todd M. and {Close}, Madeline and
    {Coker}, Carl T. and {Cole}, Shaun and {Comparat}, Johan and
    {Cooper}, Andrew P. and {Cousinou}, M. -C. and {Crocce},
    Martin and {Cuby}, Jean-Gabriel and {Cunningham}, Daniel P.
    and {Davis}, Tamara M. and {Dawson}, Kyle S. and {de la
    Macorra}, Axel and {De Vicente}, Juan and {Delubac},
    Timoth{\'e}e and {Derwent}, Mark and {Dey}, Arjun and {Dhungana}, Govinda
    and {Ding}, Zhejie and {Doel}, Peter and {Duan}, Yutong T. and {Ealet},
    Anne and {Edelstein}, Jerry and {Eftekharzadeh}, Sarah and {Eisenstein},
    Daniel J. and {Elliott}, Ann and {Escoffier}, St{\'e}phanie and {Evatt},
    Matthew and {Fagrelius}, Parker and {Fan}, Xiaohui and {Fanning}, Kevin and
    {Farahi}, Arya and {Farihi}, Jay and {Favole}, Ginevra and {Feng}, Yu and
    {Fernandez}, Enrique and {Findlay}, Joseph R. and {Finkbeiner}, Douglas P.
    and {Fitzpatrick}, Michael J. and {Flaugher}, Brenna and {Flender}, Samuel
    and {Font-Ribera}, Andreu and {Forero-Romero}, Jaime E. and {Fosalba},
    Pablo and {Frenk}, Carlos S. and {Fumagalli}, Michele and {Gaensicke},
    Boris T. and {Gallo}, Giuseppe and {Garcia-Bellido}, Juan and {Gaztanaga},
    Enrique and {Pietro Gentile Fusillo}, Nicola and {Gerard}, Terry and
    {Gershkovich}, Irena and {Giannantonio}, Tommaso and {Gillet}, Denis and
    {Gonzalez-de-Rivera}, Guillermo and {Gonzalez-Perez}, Violeta and {Gott},
    Shelby and {Graur}, Or and {Gutierrez}, Gaston and {Guy}, Julien and
    {Habib}, Salman and {Heetderks}, Henry and {Heetderks}, Ian and {Heitmann},
    Katrin and {Hellwing}, Wojciech A. and {Herrera}, David A. and {Ho},
    Shirley and {Holland}, Stephen and {Honscheid}, Klaus and {Huff}, Eric and
    {Hutchinson}, Timothy A. and {Huterer}, Dragan and {Hwang}, Ho Seong and
    {Illa Laguna}, Joseph Maria and {Ishikawa}, Yuzo and {Jacobs}, Dianna and
    {Jeffrey}, Niall and {Jelinsky}, Patrick and {Jennings}, Elise and {Jiang},
    Linhua and {Jimenez}, Jorge and {Johnson}, Jennifer and {Joyce}, Richard
    and {Jullo}, Eric and {Juneau}, St{\'e}phanie and {Kama}, Sami and
    {Karcher}, Armin and {Karkar}, Sonia and {Kehoe}, Robert and {Kennamer},
    Noble and {Kent}, Stephen and {Kilbinger}, Martin and {Kim}, Alex G. and
    {Kirkby}, David and {Kisner}, Theodore and {Kitanidis}, Ellie and {Kneib},
    Jean-Paul and {Koposov}, Sergey and {Kovacs}, Eve and {Koyama}, Kazuya and
    {Kremin}, Anthony and {Kron}, Richard and {Kronig}, Luzius and
    {Kueter-Young}, Andrea and {Lacey}, Cedric G. and {Lafever}, Robin and
    {Lahav}, Ofer and {Lambert}, Andrew and {Lampton}, Michael and {Landriau},
    Martin and {Lang}, Dustin and {Lauer}, Tod R. and {Le Goff}, Jean-Marc and
    {Le Guillou}, Laurent and {Le Van Suu}, Auguste and {Lee}, Jae Hyeon and
    {Lee}, Su-Jeong and {Leitner}, Daniela and {Lesser}, Michael and {Levi},
    Michael E. and {L'Huillier}, Benjamin and {Li}, Baojiu and {Liang}, Ming
    and {Lin}, Huan and {Linder}, Eric and {Loebman}, Sarah R. and {Luki{\'c}},
    Zarija and {Ma}, Jun and {MacCrann}, Niall and {Magneville}, Christophe and
    {Makarem}, Laleh and {Manera}, Marc and {Manser}, Christopher J. and
    {Marshall}, Robert and {Martini}, Paul and {Massey}, Richard and
    {Matheson}, Thomas and {McCauley}, Jeremy and {McDonald}, Patrick and
    {McGreer}, Ian D. and {Meisner}, Aaron and {Metcalfe}, Nigel and {Miller},
    Timothy N. and {Miquel}, Ramon and {Moustakas}, John and {Myers}, Adam and
    {Naik}, Milind and {Newman}, Jeffrey A. and {Nichol}, Robert C. and
    {Nicola}, Andrina and {Nicolati da Costa}, Luiz and {Nie}, Jundan and
    {Niz}, Gustavo and {Norberg}, Peder and {Nord}, Brian and {Norman}, Dara
    and {Nugent}, Peter and {O'Brien}, Thomas and {Oh}, Minji and {Olsen}, Knut
    A.~G. and {Padilla}, Cristobal and {Padmanabhan}, Hamsa and {Padmanabhan},
    Nikhil and {Palanque-Delabrouille}, Nathalie and {Palmese}, Antonella and
    {Pappalardo}, Daniel and {P{\^a}ris}, Isabelle and {Park}, Changbom and
    {Patej}, Anna and {Peacock}, John A. and {Peiris}, Hiranya V. and {Peng},
    Xiyan and {Percival}, Will J.  and {Perruchot}, Sandrine and {Pieri},
    Matthew M. and {Pogge}, Richard and {Pollack}, Jennifer E. and {Poppett},
    Claire and {Prada}, Francisco and {Prakash}, Abhishek and {Probst}, Ronald
    G. and {Rabinowitz}, David and {Raichoor}, Anand and {Ree}, Chang Hee and
    {Refregier}, Alexandre and {Regal}, Xavier and {Reid}, Beth and {Reil},
    Kevin and {Rezaie}, Mehdi and {Rockosi}, Constance M. and {Roe}, Natalie
    and {Ronayette}, Samuel and {Roodman}, Aaron and {Ross}, Ashley J.  and
    {Ross}, Nicholas P. and {Rossi}, Graziano and {Rozo}, Eduardo and
    {Ruhlmann-Kleider}, Vanina and {Rykoff}, Eli S.  and {Sabiu}, Cristiano and
    {Samushia}, Lado and {Sanchez}, Eusebio and {Sanchez}, Javier and
    {Schlegel}, David J. and {Schneider}, Michael and {Schubnell}, Michael and
    {Secroun}, Aur{\'e}lia and {Seljak}, Uros and {Seo}, Hee-Jong and
    {Serrano}, Santiago and {Shafieloo}, Arman and {Shan}, Huanyuan and
    {Sharples}, Ray and {Sholl}, Michael J. and {Shourt}, William V. and
    {Silber}, Joseph H. and {Silva}, David R. and {Sirk}, Martin M. and
    {Slosar}, Anze and {Smith}, Alex and {Smoot}, George F. and {Som}, Debopam
    and {Song}, Yong-Seon and {Sprayberry}, David and {Staten}, Ryan and
    {Stefanik}, Andy and {Tarle}, Gregory and {Sien Tie}, Suk and {Tinker},
    Jeremy L. and {Tojeiro}, Rita and {Valdes}, Francisco and {Valenzuela},
    Octavio and {Valluri}, Monica and {Vargas-Magana}, Mariana and {Verde},
    Licia and {Walker}, Alistair R. and {Wang}, Jiali and {Wang}, Yuting and
    {Weaver}, Benjamin A. and {Weaverdyck}, Curtis and {Wechsler}, Risa H.  and
    {Weinberg}, David H. and {White}, Martin and {Yang}, Qian and {Yeche},
    Christophe and {Zhang}, Tianmeng and {Zhao}, Gong-Bo and {Zheng}, Yi and
    {Zhou}, Xu and {Zhou}, Zhimin and {Zhu}, Yaling and {Zou}, Hu and {Zu},
    Ying
    },
        title = "{The DESI Experiment Part I: Science,Targeting, and Survey Design}",
      journal = {arXiv e-prints},
     keywords = {Astrophysics - Instrumentation and Methods for Astrophysics, Astrophysics - Cosmology and Nongalactic Astrophysics},
         year = 2016,
        month = oct,
          eid = {arXiv:1611.00036},
        pages = {arXiv:1611.00036},
          doi = {10.48550/arXiv.1611.00036},
archivePrefix = {arXiv},
       eprint = {1611.00036},
 primaryClass = {astro-ph.IM},
       adsurl = {https://ui.adsabs.harvard.edu/abs/2016arXiv161100036D},
      adsnote = {Provided by the SAO/NASA Astrophysics Data System}
}

@ARTICLE{desi:mw,
       author = {{Cooper}, Andrew P. and {Koposov}, Sergey E. and {Allende Prieto}, Carlos and {Manser}, Christopher J. and {Kizhuprakkat}, Namitha and {Myers}, Adam D. and {Dey}, Arjun and {Gaensicke}, Boris T. and {Li}, Ting S. and {Rockosi}, Constance and {Valluri}, Monica and {Najita}, Joan and {Deason}, Alis and {Raichoor}, Anand and {Wang}, Mei-Yu and {Ting}, Yuan-Sen and {Kim}, Bokyoung and {Carrillo}, Andreia and {Wang}, Wenting and {Beraldo e Silva}, Leandro and {Han}, Jiwon Jesse and {Ding}, Jiani and {Sanchez-Conde}, Miguel and {Aguilar}, Jessica N. and {Ahlen}, Steven and {Bailey}, Stephen and {Belokurov}, Vasily and {Brooks}, David and {Cunha}, Katia and {Dawson}, Kyle and {de la Macorra}, Axel and {Doel}, Peter and {Eisenstein}, Daniel J. and {Fagrelius}, Parker and {Fanning}, Kevin and {Font-Ribera}, Andreu and {Forero-Romero}, Jaime E. and {Gaztanaga}, Enrique and {Gontcho}, Satya Gontcho A and {Guy}, Julien and {Honscheid}, Klaus and {Kehoe}, Robert and {Kisner}, Theodore and {Kremin}, Anthony and {Landriau}, Martin and {Levi}, Michael E. and {Martini}, Paul and {Meisner}, Aaron M. and {Miquel}, Ramon and {Moustakas}, John and {Nie}, Jundan and {Palanque-Delabrouille}, Nathalie and {Percival}, Will J. and {Poppett}, Claire and {Prada}, Francisco and {Rehemtulla}, Nabeel and {Schlafly}, Edward and {Schlegel}, David and {Schubnell}, Michael and {Sharples}, Ray M. and {Tarle}, Gregory and {Wechsler}, Risa H. and {Weinberg}, David H. and {Zhou}, Zhimin and {Zou}, Hu},
        title = "{Overview of the DESI Milky Way Survey}",
      journal = {arXiv e-prints},
     keywords = {Astrophysics - Astrophysics of Galaxies, Astrophysics - Cosmology and Nongalactic Astrophysics},
         year = 2022,
        month = aug,
          eid = {arXiv:2208.08514},
        pages = {arXiv:2208.08514},
          doi = {10.48550/arXiv.2208.08514},
archivePrefix = {arXiv},
       eprint = {2208.08514},
 primaryClass = {astro-ph.GA},
       adsurl = {https://ui.adsabs.harvard.edu/abs/2022arXiv220808514C},
      adsnote = {Provided by the SAO/NASA Astrophysics Data System}
}

@ARTICLE{sdssv,
       author = {{Kollmeier}, Juna A. and {Zasowski}, Gail and {Rix}, Hans-Walter and {Johns}, Matt and {Anderson}, Scott F. and {Drory}, Niv and {Johnson}, Jennifer A. and {Pogge}, Richard W. and {Bird}, Jonathan C. and {Blanc}, Guillermo A. and {Brownstein}, Joel R. and {Crane}, Jeffrey D. and {De Lee}, Nathan M. and {Klaene}, Mark A. and {Kreckel}, Kathryn and {MacDonald}, Nick and {Merloni}, Andrea and {Ness}, Melissa K. and {O'Brien}, Thomas and {Sanchez-Gallego}, Jose R. and {Sayres}, Conor C. and {Shen}, Yue and {Thakar}, Ani R. and {Tkachenko}, Andrew and {Aerts}, Conny and {Blanton}, Michael R. and {Eisenstein}, Daniel J. and {Holtzman}, Jon A. and {Maoz}, Dan and {Nandra}, Kirpal and {Rockosi}, Constance and {Weinberg}, David H. and {Bovy}, Jo and {Casey}, Andrew R. and {Chaname}, Julio and {Clerc}, Nicolas and {Conroy}, Charlie and {Eracleous}, Michael and {G{\"a}nsicke}, Boris T. and {Hekker}, Saskia and {Horne}, Keith and {Kauffmann}, Jens and {McQuinn}, Kristen B.~W. and {Pellegrini}, Eric W. and {Schinnerer}, Eva and {Schlafly}, Edward F. and {Schwope}, Axel D. and {Seibert}, Mark and {Teske}, Johanna K. and {van Saders}, Jennifer L.},
        title = "{SDSS-V: Pioneering Panoptic Spectroscopy}",
      journal = {arXiv e-prints},
     keywords = {Astrophysics - Astrophysics of Galaxies},
         year = 2017,
        month = nov,
          eid = {arXiv:1711.03234},
        pages = {arXiv:1711.03234},
          doi = {10.48550/arXiv.1711.03234},
archivePrefix = {arXiv},
       eprint = {1711.03234},
 primaryClass = {astro-ph.GA},
       adsurl = {https://ui.adsabs.harvard.edu/abs/2017arXiv171103234K},
      adsnote = {Provided by the SAO/NASA Astrophysics Data System}
}

@ARTICLE{gaia,
       author = {{Gaia Collaboration} and {Prusti}, T. and {de Bruijne},
    J.~H.~J. and {Brown}, A.~G.~A. and {Vallenari}, A. and
    {Babusiaux}, C. and {Bailer-Jones}, C.~A.~L. and {Bastian}, U.
    and {Biermann}, M. and {Evans}, D.~W. and {Eyer}, L. and
    {Jansen}, F. and {Jordi}, C. and {Klioner}, S.~A. and
    {Lammers}, U. and {Lindegren}, L. and {Luri}, X. and
    {Mignard}, F. and {Milligan}, D.~J. and {Panem}, C. and
    {Poinsignon}, V. and {Pourbaix}, D. and {Randich}, S. and
    {Sarri}, G. and {Sartoretti}, P. and {Siddiqui}, H.~I. and
    {Soubiran}, C. and {Valette}, V. and {van Leeuwen}, F. and
    {Walton}, N.~A. and {Aerts}, C. and {Arenou}, F. and
    {Cropper}, M. and {Drimmel}, R. and {H{\o}g}, E. and {Katz},
    D. and {Lattanzi}, M.~G. and {O'Mullane}, W. and {Grebel},
    E.~K. and {Holland}, A.~D. and {Huc}, C. and {Passot}, X. and
    {Bramante}, L. and {Cacciari}, C. and {Casta{\~n}eda}, J. and
    {Chaoul}, L. and {Cheek}, N. and {De Angeli}, F. and
    {Fabricius}, C. and {Guerra}, R. and {Hern{\'a}ndez}, J. and
    {Jean-Antoine-Piccolo}, A. and {Masana}, E. and {Messineo}, R.
    and {Mowlavi}, N. and {Nienartowicz}, K. and
    {Ord{\'o}{\~n}ez-Blanco}, D. and {Panuzzo}, P. and {Portell},
    J. and {Richards}, P.~J. and {Riello}, M. and {Seabroke},
    G.~M. and {Tanga}, P. and {Th{\'e}venin}, F. and {Torra}, J.
    and {Els}, S.~G. and {Gracia-Abril}, G. and {Comoretto}, G.
    and {Garcia-Reinaldos}, M. and {Lock}, T. and {Mercier}, E.
    and {Altmann}, M. and {Andrae}, R. and {Astraatmadja}, T.~L.
    and {Bellas-Velidis}, I. and {Benson}, K. and {Berthier}, J.
    and {Blomme}, R. and {Busso}, G. and {Carry}, B. and
    {Cellino}, A. and {Clementini}, G. and {Cowell}, S. and
    {Creevey}, O. and {Cuypers}, J. and {Davidson}, M. and {De
    Ridder}, J. and {de Torres}, A. and {Delchambre}, L. and
    {Dell'Oro}, A. and {Ducourant}, C. and {Fr{\'e}mat}, Y. and
    {Garc{\'\i}a-Torres}, M. and {Gosset}, E. and {Halbwachs}, J. -L. and
    {Hambly}, N.~C. and {Harrison}, D.~L. and {Hauser}, M. and {Hestroffer}, D.
    and {Hodgkin}, S.~T. and {Huckle}, H.~E. and {Hutton}, A. and {Jasniewicz},
    G. and {Jordan}, S. and {Kontizas}, M. and {Korn}, A.~J. and {Lanzafame},
    A.~C. and {Manteiga}, M. and {Moitinho}, A. and {Muinonen}, K. and
    {Osinde}, J. and {Pancino}, E. and {Pauwels}, T. and {Petit}, J. -M. and
    {Recio-Blanco}, A. and {Robin}, A.~C.  and {Sarro}, L.~M. and {Siopis}, C.
    and {Smith}, M. and {Smith}, K.~W. and {Sozzetti}, A. and {Thuillot}, W.
    and {van Reeven}, W. and {Viala}, Y. and {Abbas}, U. and {Abreu Aramburu},
    A. and {Accart}, S. and {Aguado}, J.~J. and {Allan}, P.~M. and {Allasia},
    W. and {Altavilla}, G. and {{\'A}lvarez}, M.~A. and {Alves}, J. and
    {Anderson}, R.~I. and {Andrei}, A.~H. and {Anglada Varela}, E. and
    {Antiche}, E. and {Antoja}, T. and {Ant{\'o}n}, S. and {Arcay}, B. and
    {Atzei}, A. and {Ayache}, L. and {Bach}, N. and {Baker}, S.~G. and
    {Balaguer-N{\'u}{\~n}ez}, L. and {Barache}, C. and {Barata}, C. and
    {Barbier}, A. and {Barblan}, F. and {Baroni}, M. and {Barrado y
    Navascu{\'e}s}, D. and {Barros}, M. and {Barstow}, M.~A. and {Becciani}, U.
    and {Bellazzini}, M. and {Bellei}, G. and {Bello Garc{\'\i}a}, A. and
    {Belokurov}, V. and {Bendjoya}, P. and {Berihuete}, A. and {Bianchi}, L.
    and {Bienaym{\'e}}, O. and {Billebaud}, F. and {Blagorodnova}, N. and
    {Blanco-Cuaresma}, S. and {Boch}, T. and {Bombrun}, A. and {Borrachero}, R.
    and {Bouquillon}, S. and {Bourda}, G. and {Bouy}, H. and {Bragaglia}, A.
    and {Breddels}, M.~A. and {Brouillet}, N. and {Br{\"u}semeister}, T. and
    {Bucciarelli}, B. and {Budnik}, F. and {Burgess}, P. and {Burgon}, R. and
    {Burlacu}, A. and {Busonero}, D. and {Buzzi}, R. and {Caffau}, E. and
    {Cambras}, J. and {Campbell}, H. and {Cancelliere}, R. and {Cantat-Gaudin},
    T. and {Carlucci}, T. and {Carrasco}, J.~M. and {Castellani}, M. and
    {Charlot}, P. and {Charnas}, J. and {Charvet}, P. and {Chassat}, F. and
    {Chiavassa}, A. and {Clotet}, M. and {Cocozza}, G. and {Collins}, R.~S. and
    {Collins}, P. and {Costigan}, G. and {Crifo}, F. and {Cross}, N.~J.~G. and
    {Crosta}, M. and {Crowley}, C. and {Dafonte}, C. and {Damerdji}, Y. and
    {Dapergolas}, A. and {David}, P. and {David}, M. and {De Cat}, P. and {de
    Felice}, F. and {de Laverny}, P. and {De Luise}, F. and {De March}, R. and
    {de Martino}, D. and {de Souza}, R. and {Debosscher}, J. and {del Pozo}, E.
    and {Delbo}, M. and {Delgado}, A. and {Delgado}, H.~E. and {di Marco}, F.
    and {Di Matteo}, P. and {Diakite}, S. and {Distefano}, E. and {Dolding}, C.
    and {Dos Anjos}, S. and {Drazinos}, P. and {Dur{\'a}n}, J. and {Dzigan}, Y.
    and {Ecale}, E. and {Edvardsson}, B. and {Enke}, H. and {Erdmann}, M. and
    {Escolar}, D. and {Espina}, M. and {Evans}, N.~W. and {Eynard Bontemps}, G.
    and {Fabre}, C. and {Fabrizio}, M. and {Faigler}, S. and {Falc{\~a}o},
    A.~J. and {Farr{\`a}s Casas}, M. and {Faye}, F. and {Federici}, L. and
    {Fedorets}, G. and {Fern{\'a}ndez-Hern{\'a}ndez}, J. and {Fernique}, P. and
    {Fienga}, A. and {Figueras}, F. and {Filippi}, F. and {Findeisen}, K. and
    {Fonti}, A. and {Fouesneau}, M. and {Fraile}, E. and {Fraser}, M. and
    {Fuchs}, J. and {Furnell}, R. and {Gai}, M. and {Galleti}, S. and
    {Galluccio}, L. and {Garabato}, D. and {Garc{\'\i}a-Sedano}, F. and
    {Gar{\'e}}, P. and {Garofalo}, A. and {Garralda}, N. and {Gavras}, P. and
    {Gerssen}, J. and {Geyer}, R. and {Gilmore}, G. and {Girona}, S. and
    {Giuffrida}, G. and {Gomes}, M. and {Gonz{\'a}lez-Marcos}, A. and
    {Gonz{\'a}lez-N{\'u}{\~n}ez}, J. and {Gonz{\'a}lez-Vidal}, J.~J. and
    {Granvik}, M. and {Guerrier}, A. and {Guillout}, P. and {Guiraud}, J. and
    {G{\'u}rpide}, A. and {Guti{\'e}rrez-S{\'a}nchez}, R. and {Guy}, L.~P. and
    {Haigron}, R. and {Hatzidimitriou}, D. and {Haywood}, M. and {Heiter}, U.
    and {Helmi}, A. and {Hobbs}, D. and {Hofmann}, W. and {Holl}, B. and
    {Holland}, G. and {Hunt}, J.~A.~S. and {Hypki}, A. and {Icardi}, V. and
    {Irwin}, M. and {Jevardat de Fombelle}, G. and {Jofr{\'e}}, P. and
    {Jonker}, P.~G. and {Jorissen}, A. and {Julbe}, F. and {Karampelas}, A. and
    {Kochoska}, A. and {Kohley}, R. and {Kolenberg}, K. and {Kontizas}, E. and
    {Koposov}, S.~E. and {Kordopatis}, G. and {Koubsky}, P. and {Kowalczyk}, A.
    and {Krone-Martins}, A. and {Kudryashova}, M. and {Kull}, I. and
    {Bachchan}, R.~K. and {Lacoste-Seris}, F. and {Lanza}, A.~F. and {Lavigne},
    J. -B. and {Le Poncin-Lafitte}, C. and {Lebreton}, Y. and {Lebzelter}, T.
    and {Leccia}, S. and {Leclerc}, N. and {Lecoeur-Taibi}, I. and {Lemaitre},
    V. and {Lenhardt}, H. and {Leroux}, F. and {Liao}, S. and {Licata}, E. and
    {Lindstr{\o}m}, H.~E.~P. and {Lister}, T.~A. and {Livanou}, E. and {Lobel},
    A. and {L{\"o}ffler}, W. and {L{\'o}pez}, M. and {Lopez-Lozano}, A. and
    {Lorenz}, D. and {Loureiro}, T. and {MacDonald}, I. and {Magalh{\~a}es
    Fernandes}, T. and {Managau}, S. and {Mann}, R.~G. and {Mantelet}, G. and
    {Marchal}, O. and {Marchant}, J.~M. and {Marconi}, M. and {Marie}, J. and
    {Marinoni}, S. and {Marrese}, P.~M. and {Marschalk{\'o}}, G. and
    {Marshall}, D.~J. and {Mart{\'\i}n-Fleitas}, J.~M. and {Martino}, M. and
    {Mary}, N. and {Matijevi{\v{c}}}, G. and {Mazeh}, T. and {McMillan}, P.~J.
    and {Messina}, S. and {Mestre}, A. and {Michalik}, D. and {Millar}, N.~R.
    and {Miranda}, B.~M.~H. and {Molina}, D. and {Molinaro}, R. and {Molinaro},
    M. and {Moln{\'a}r}, L. and {Moniez}, M. and {Montegriffo}, P. and
    {Monteiro}, D. and {Mor}, R. and {Mora}, A. and {Morbidelli}, R. and
    {Morel}, T. and {Morgenthaler}, S. and {Morley}, T. and {Morris}, D. and
    {Mulone}, A.~F. and {Muraveva}, T. and {Musella}, I. and {Narbonne}, J. and
    {Nelemans}, G. and {Nicastro}, L. and {Noval}, L. and {Ord{\'e}novic}, C.
    and {Ordieres-Mer{\'e}}, J. and {Osborne}, P. and {Pagani}, C. and
    {Pagano}, I. and {Pailler}, F. and {Palacin}, H. and {Palaversa}, L. and
    {Parsons}, P. and {Paulsen}, T. and {Pecoraro}, M. and {Pedrosa}, R. and
    {Pentik{\"a}inen}, H. and {Pereira}, J. and {Pichon}, B. and {Piersimoni},
    A.~M. and {Pineau}, F. -X. and {Plachy}, E. and {Plum}, G. and {Poujoulet},
    E. and {Pr{\v{s}}a}, A. and {Pulone}, L. and {Ragaini}, S. and {Rago}, S.
    and {Rambaux}, N. and {Ramos-Lerate}, M. and {Ranalli}, P. and {Rauw}, G.
    and {Read}, A. and {Regibo}, S. and {Renk}, F. and {Reyl{\'e}}, C. and
    {Ribeiro}, R.~A. and {Rimoldini}, L. and {Ripepi}, V. and {Riva}, A. and
    {Rixon}, G. and {Roelens}, M. and {Romero-G{\'o}mez}, M. and {Rowell}, N.
    and {Royer}, F. and {Rudolph}, A. and {Ruiz-Dern}, L. and {Sadowski}, G.
    and {Sagrist{\`a} Sell{\'e}s}, T. and {Sahlmann}, J. and {Salgado}, J. and
    {Salguero}, E. and {Sarasso}, M. and {Savietto}, H. and {Schnorhk}, A. and
    {Schultheis}, M. and {Sciacca}, E. and {Segol}, M. and {Segovia}, J.~C. and
    {Segransan}, D. and {Serpell}, E. and {Shih}, I. -C. and {Smareglia}, R.
    and {Smart}, R.~L. and {Smith}, C. and {Solano}, E. and {Solitro}, F. and
    {Sordo}, R. and {Soria Nieto}, S. and {Souchay}, J. and {Spagna}, A. and
    {Spoto}, F. and {Stampa}, U. and {Steele}, I.~A. and {Steidelm{\"u}ller},
    H. and {Stephenson}, C.~A. and {Stoev}, H. and {Suess}, F.~F. and
    {S{\"u}veges}, M. and {Surdej}, J. and {Szabados}, L. and {Szegedi-Elek},
    E. and {Tapiador}, D. and {Taris}, F. and {Tauran}, G. and {Taylor}, M.~B.
    and {Teixeira}, R. and {Terrett}, D. and {Tingley}, B. and {Trager}, S.~C.
    and {Turon}, C. and {Ulla}, A. and {Utrilla}, E. and {Valentini}, G. and
    {van Elteren}, A. and {Van Hemelryck}, E. and {van Leeuwen}, M. and
    {Varadi}, M. and {Vecchiato}, A. and {Veljanoski}, J. and {Via}, T. and
    {Vicente}, D. and {Vogt}, S.  and {Voss}, H. and {Votruba}, V. and
    {Voutsinas}, S. and {Walmsley}, G. and {Weiler}, M. and {Weingrill}, K. and
    {Werner}, D. and {Wevers}, T. and {Whitehead}, G. and {Wyrzykowski}, {\L}.
    and {Yoldas}, A. and {{\v{Z}}erjal}, M. and {Zucker}, S. and {Zurbach}, C.
    and {Zwitter}, T. and {Alecu}, A. and {Allen}, M. and {Allende Prieto}, C.
    and {Amorim}, A. and {Anglada-Escud{\'e}}, G. and {Arsenijevic}, V. and
    {Azaz}, S. and {Balm}, P. and {Beck}, M. and {Bernstein}, H. -H. and
    {Bigot}, L. and {Bijaoui}, A. and {Blasco}, C. and {Bonfigli}, M. and
    {Bono}, G. and {Boudreault}, S. and {Bressan}, A. and {Brown}, S. and
    {Brunet}, P. -M. and {Bunclark}, P. and {Buonanno}, R. and {Butkevich},
    A.~G. and {Carret}, C. and {Carrion}, C. and {Chemin}, L. and
    {Ch{\'e}reau}, F. and {Corcione}, L. and {Darmigny}, E. and {de Boer},
    K.~S. and {de Teodoro}, P. and {de Zeeuw}, P.~T. and {Delle Luche}, C. and
    {Domingues}, C.~D. and {Dubath}, P. and {Fodor}, F. and {Fr{\'e}zouls}, B.
    and {Fries}, A. and {Fustes}, D. and {Fyfe}, D. and {Gallardo}, E. and
    {Gallegos}, J. and {Gardiol}, D. and {Gebran}, M. and {Gomboc}, A. and
    {G{\'o}mez}, A. and {Grux}, E. and {Gueguen}, A. and {Heyrovsky}, A. and
    {Hoar}, J. and {Iannicola}, G. and {Isasi Parache}, Y. and {Janotto}, A.
    -M. and {Joliet}, E. and {Jonckheere}, A. and {Keil}, R. and {Kim}, D. -W.
    and {Klagyivik}, P. and {Klar}, J. and {Knude}, J. and {Kochukhov}, O. and
    {Kolka}, I. and {Kos}, J. and {Kutka}, A. and {Lainey}, V. and {LeBouquin},
    D. and {Liu}, C. and {Loreggia}, D. and {Makarov}, V.~V. and {Marseille},
    M.~G. and {Martayan}, C. and {Martinez-Rubi}, O. and {Massart}, B. and
    {Meynadier}, F. and {Mignot}, S. and {Munari}, U. and {Nguyen}, A. -T. and
    {Nordlander}, T. and {Ocvirk}, P. and {O'Flaherty}, K.~S. and {Olias Sanz},
    A. and {Ortiz}, P. and {Osorio}, J.  and {Oszkiewicz}, D. and {Ouzounis},
    A. and {Palmer}, M. and {Park}, P. and {Pasquato}, E. and {Peltzer}, C. and
    {Peralta}, J. and {P{\'e}turaud}, F. and {Pieniluoma}, T. and {Pigozzi}, E.
    and {Poels}, J. and {Prat}, G. and {Prod'homme}, T. and {Raison}, F. and
    {Rebordao}, J.~M. and {Risquez}, D. and {Rocca-Volmerange}, B. and {Rosen},
    S. and {Ruiz-Fuertes}, M.~I. and {Russo}, F. and {Sembay}, S. and
    {Serraller Vizcaino}, I. and {Short}, A. and {Siebert}, A. and {Silva}, H.
    and {Sinachopoulos}, D. and {Slezak}, E. and {Soffel}, M. and {Sosnowska},
    D. and {Strai{\v{z}}ys}, V. and {ter Linden}, M. and {Terrell}, D. and
    {Theil}, S. and {Tiede}, C. and {Troisi}, L. and {Tsalmantza}, P. and
    {Tur}, D. and {Vaccari}, M. and {Vachier}, F. and {Valles}, P. and {Van
    Hamme}, W. and {Veltz}, L. and {Virtanen}, J. and {Wallut}, J. -M. and
    {Wichmann}, R. and {Wilkinson}, M.~I. and {Ziaeepour}, H. and {Zschocke}, S.},
        title = "{The Gaia mission}",
      journal = {\aap},
     keywords = {space vehicles: instruments, Galaxy: structure, astrometry, parallaxes, proper motions, telescopes, Astrophysics - Instrumentation and Methods for Astrophysics},
         year = 2016,
        month = nov,
       volume = {595},
          eid = {A1},
        pages = {A1},
          doi = {10.1051/0004-6361/201629272},
archivePrefix = {arXiv},
       eprint = {1609.04153},
 primaryClass = {astro-ph.IM},
       adsurl = {https://ui.adsabs.harvard.edu/abs/2016A&A...595A...1G},
      adsnote = {Provided by the SAO/NASA Astrophysics Data System}
}

@ARTICLE{ventura+20,
       author = {{Ventura}, P. and {Dell'Agli}, F. and {Lugaro}, M. and {Romano}, D. and {Tailo}, M. and {Yag{\"u}e}, A.},
        title = "{Gas and dust from metal-rich AGB stars}",
      journal = {\aap},
     keywords = {stars: AGB and post-AGB, stars: evolution, stars: abundances, stars: winds, outflows, Astrophysics - Solar and Stellar Astrophysics},
         year = 2020,
        month = sep,
       volume = {641},
          eid = {A103},
        pages = {A103},
          doi = {10.1051/0004-6361/202038289},
archivePrefix = {arXiv},
       eprint = {2007.02120},
 primaryClass = {astro-ph.SR},
       adsurl = {https://ui.adsabs.harvard.edu/abs/2020A&A...641A.103V},
      adsnote = {Provided by the SAO/NASA Astrophysics Data System}
}


@ARTICLE{souto+18,
       author = {{Souto}, Diogo and {Cunha}, Katia and {Smith}, Verne V. and {Allende Prieto}, C. and {Garc{\'\i}a-Hern{\'a}ndez}, D.~A. and {Pinsonneault}, Marc and {Holzer}, Parker and {Frinchaboy}, Peter and {Holtzman}, Jon and {Johnson}, J.~A. and {J{\"o}nsson}, Henrik and {Majewski}, Steven R. and {Shetrone}, Matthew and {Sobeck}, Jennifer and {Stringfellow}, Guy and {Teske}, Johanna and {Zamora}, Olga and {Zasowski}, Gail and {Carrera}, Ricardo and {Stassun}, Keivan and {Fernandez-Trincado}, J.~G. and {Villanova}, Sandro and {Minniti}, Dante and {Santana}, Felipe},
        title = "{Chemical Abundances of Main-sequence, Turnoff, Subgiant, and Red Giant Stars from APOGEE Spectra. I. Signatures of Diffusion in the Open Cluster M67}",
      journal = {\apj},
     keywords = {diffusion, infrared: stars, open clusters and associations: general, stars: abundances, Astrophysics - Solar and Stellar Astrophysics},
         year = 2018,
        month = apr,
       volume = {857},
       number = {1},
          eid = {14},
        pages = {14},
          doi = {10.3847/1538-4357/aab612},
archivePrefix = {arXiv},
       eprint = {1803.04461},
 primaryClass = {astro-ph.SR},
       adsurl = {https://ui.adsabs.harvard.edu/abs/2018ApJ...857...14S},
      adsnote = {Provided by the SAO/NASA Astrophysics Data System}
}

@ARTICLE{lind+08,
       author = {{Lind}, K. and {Korn}, A.~J. and {Barklem}, P.~S. and {Grundahl}, F.},
        title = "{Atomic diffusion and mixing in old stars. II. Observations of stars in the globular cluster NGC 6397 with VLT/FLAMES-GIRAFFE}",
      journal = {\aap},
     keywords = {stars: abundances, stars: Population II, globular clusters: general, techniques: spectroscopic, methods: observational, diffusion, Astrophysics},
         year = 2008,
        month = nov,
       volume = {490},
       number = {2},
        pages = {777-786},
          doi = {10.1051/0004-6361:200810051},
archivePrefix = {arXiv},
       eprint = {0809.0317},
 primaryClass = {astro-ph},
       adsurl = {https://ui.adsabs.harvard.edu/abs/2008A&A...490..777L},
      adsnote = {Provided by the SAO/NASA Astrophysics Data System}
}


@ARTICLE{korn+07,
       author = {{Korn}, A.~J. and {Grundahl}, F. and {Richard}, O. and {Mashonkina}, L. and {Barklem}, P.~S. and {Collet}, R. and {Gustafsson}, B. and {Piskunov}, N.},
        title = "{Atomic Diffusion and Mixing in Old Stars. I. Very Large Telescope FLAMES-UVES Observations of Stars in NGC 6397}",
      journal = {\apj},
     keywords = {Diffusion, Galaxy: Globular Clusters: Individual: NGC Number: NGC 6397, Stars: Abundances, Stars: Atmospheres, Stars: Evolution, Stars: Fundamental Parameters, Stars: Interiors, Stars: Population II, Astrophysics},
         year = 2007,
        month = dec,
       volume = {671},
       number = {1},
        pages = {402-419},
          doi = {10.1086/523098},
archivePrefix = {arXiv},
       eprint = {0709.0639},
 primaryClass = {astro-ph},
       adsurl = {https://ui.adsabs.harvard.edu/abs/2007ApJ...671..402K},
      adsnote = {Provided by the SAO/NASA Astrophysics Data System}
}

@ARTICLE{gilroy89,
       author = {{Gilroy}, Kalpana Krishnaswamy},
        title = "{Carbon Isotope Ratios and Lithium Abundances in Open Cluster Giants}",
      journal = {\apj},
     keywords = {Carbon Isotopes, Giant Stars, Lithium, Nitrogen, Open Clusters, Abundance, Carbon 12, Carbon 13, Main Sequence Stars, Stellar Atmospheres, Stellar Evolution, Astrophysics, CLUSTERS: OPEN, STARS: ABUNDANCES, STARS: EVOLUTION},
         year = 1989,
        month = dec,
       volume = {347},
        pages = {835},
          doi = {10.1086/168173},
       adsurl = {https://ui.adsabs.harvard.edu/abs/1989ApJ...347..835G},
      adsnote = {Provided by the SAO/NASA Astrophysics Data System}
}


@ARTICLE{frinchaboy+13,
       author = {{Frinchaboy}, Peter M. and {Thompson}, Benjamin and {Jackson}, Kelly M. and {O'Connell}, Julia and {Meyer}, Brianne and {Zasowski}, Gail and {Majewski}, Steven R. and {Chojnowksi}, S. Drew and {Johnson}, Jennifer A. and {Allende Prieto}, Carlos and {Beers}, Timothy C. and {Bizyaev}, Dmitry and {Brewington}, Howard and {Cunha}, Katia and {Ebelke}, Garrett and {Garc{\'\i}a P{\'e}rez}, Ana Elia and {Hearty}, Frederick R. and {Holtzman}, Jon and {Kinemuchi}, Karen and {Malanushenko}, Elena and {Malanushenko}, Viktor and {Marchante}, Moses and {M{\'e}sz{\'a}ros}, Szabolcs and {Muna}, Demitri and {Nidever}, David L. and {Oravetz}, Daniel and {Pan}, Kaike and {Schiavon}, Ricardo P. and {Schneider}, Donald P. and {Shetrone}, Matthew and {Simmons}, Audrey and {Snedden}, Stephanie and {Smith}, Verne V. and {Wilson}, John C.},
        title = "{The Open Cluster Chemical Analysis and Mapping Survey: Local Galactic Metallicity Gradient with APOGEE Using SDSS DR10}",
      journal = {\apjl},
     keywords = {Galaxy: abundances, Galaxy: disk, Galaxy: evolution, open clusters and associations: general, Astrophysics - Astrophysics of Galaxies},
         year = 2013,
        month = nov,
       volume = {777},
       number = {1},
          eid = {L1},
        pages = {L1},
          doi = {10.1088/2041-8205/777/1/L1},
archivePrefix = {arXiv},
       eprint = {1308.4195},
 primaryClass = {astro-ph.GA},
       adsurl = {https://ui.adsabs.harvard.edu/abs/2013ApJ...777L...1F},
      adsnote = {Provided by the SAO/NASA Astrophysics Data System}
}


@ARTICLE{hayden+14,
       author = {{Hayden}, Michael R. and {Holtzman}, Jon A. and {Bovy}, Jo and {Majewski}, Steven R. and {Johnson}, Jennifer A. and {Allende Prieto}, Carlos and {Beers}, Timothy C. and {Cunha}, Katia and {Frinchaboy}, Peter M. and {Garc{\'\i}a P{\'e}rez}, Ana E. and {Girardi}, L{\'e}o and {Hearty}, Fred R. and {Lee}, Young Sun and {Nidever}, David and {Schiavon}, Ricardo P. and {Schlesinger}, Katharine J. and {Schneider}, Donald P. and {Schultheis}, Mathias and {Shetrone}, Matthew and {Smith}, Verne V. and {Zasowski}, Gail and {Bizyaev}, Dmitry and {Feuillet}, Diane and {Hasselquist}, Sten and {Kinemuchi}, Karen and {Malanushenko}, Elena and {Malanushenko}, Viktor and {O'Connell}, Robert and {Pan}, Kaike and {Stassun}, Keivan},
        title = "{Chemical Cartography with APOGEE: Large-scale Mean Metallicity Maps of the Milky Way Disk}",
      journal = {\aj},
     keywords = {Galaxy: abundances, Galaxy: disk, Galaxy: stellar content, Galaxy: structure, Astrophysics - Astrophysics of Galaxies},
         year = 2014,
        month = may,
       volume = {147},
       number = {5},
          eid = {116},
        pages = {116},
          doi = {10.1088/0004-6256/147/5/116},
archivePrefix = {arXiv},
       eprint = {1311.4569},
 primaryClass = {astro-ph.GA},
       adsurl = {https://ui.adsabs.harvard.edu/abs/2014AJ....147..116H},
      adsnote = {Provided by the SAO/NASA Astrophysics Data System}
}

@ARTICLE{PVT10,
       author = {{Pilyugin}, Leonid S. and {V{\'\i}lchez}, Jos{\'e} M. and {Thuan}, Trinh X.},
        title = "{New Improved Calibration Relations for the Determination of Electron Temperatures and Oxygen and Nitrogen Abundances in H II Regions}",
      journal = {\apj},
     keywords = {galaxies: abundances, galaxies: evolution, galaxies: ISM, H II regions},
         year = 2010,
        month = sep,
       volume = {720},
       number = {2},
        pages = {1738-1751},
          doi = {10.1088/0004-637X/720/2/1738},
       adsurl = {https://ui.adsabs.harvard.edu/abs/2010ApJ...720.1738P},
      adsnote = {Provided by the SAO/NASA Astrophysics Data System}
}

@ARTICLE{berg+20,
       author = {{Berg}, Danielle A. and {Pogge}, Richard W. and {Skillman}, Evan D. and {Croxall}, Kevin V. and {Moustakas}, John and {Rogers}, Noah S.~J. and {Sun}, Jiayi},
        title = "{CHAOS IV: Gas-phase Abundance Trends from the First Four CHAOS Galaxies}",
      journal = {\apj},
     keywords = {Chemical abundances, Galaxy abundances, Interstellar abundances, Metallicity, Spiral galaxies, Galaxy chemical evolution, Galaxy evolution, Interstellar medium, 224, 574, 832, 1031, 1560, 580, 594, 847, Astrophysics - Astrophysics of Galaxies},
         year = 2020,
        month = apr,
       volume = {893},
       number = {2},
          eid = {96},
        pages = {96},
          doi = {10.3847/1538-4357/ab7eab},
archivePrefix = {arXiv},
       eprint = {2001.05002},
 primaryClass = {astro-ph.GA},
       adsurl = {https://ui.adsabs.harvard.edu/abs/2020ApJ...893...96B},
      adsnote = {Provided by the SAO/NASA Astrophysics Data System}
}
@ARTICLE{berg+12,
       author = {{Berg}, Danielle A. and {Skillman}, Evan D. and {Marble}, Andrew R. and {van Zee}, Liese and {Engelbracht}, Charles W. and {Lee}, Janice C. and {Kennicutt}, Robert C., Jr. and {Calzetti}, Daniela and {Dale}, Daniel A. and {Johnson}, Benjamin D.},
        title = "{Direct Oxygen Abundances for Low-luminosity LVL Galaxies}",
      journal = {\apj},
     keywords = {galaxies: abundances, galaxies: dwarf, galaxies: evolution, Astrophysics - Cosmology and Nongalactic Astrophysics},
         year = 2012,
        month = aug,
       volume = {754},
       number = {2},
          eid = {98},
        pages = {98},
          doi = {10.1088/0004-637X/754/2/98},
archivePrefix = {arXiv},
       eprint = {1205.6782},
 primaryClass = {astro-ph.CO},
       adsurl = {https://ui.adsabs.harvard.edu/abs/2012ApJ...754...98B},
      adsnote = {Provided by the SAO/NASA Astrophysics Data System}
}

@ARTICLE{rogers+21,
       author = {{Rogers}, Noah S.~J. and {Skillman}, Evan D. and {Pogge}, Richard W. and {Berg}, Danielle A. and {Moustakas}, John and {Croxall}, Kevin V. and {Sun}, Jiayi},
        title = "{CHAOS. VI. Direct Abundances in NGC 2403}",
      journal = {\apj},
     keywords = {Chemical abundances, Spiral galaxies, Galaxy evolution, Interstellar medium, H II regions, 224, 1560, 594, 847, 694, Astrophysics - Astrophysics of Galaxies},
         year = 2021,
        month = jul,
       volume = {915},
       number = {1},
          eid = {21},
        pages = {21},
          doi = {10.3847/1538-4357/abf8b9},
archivePrefix = {arXiv},
       eprint = {2105.03437},
 primaryClass = {astro-ph.GA},
       adsurl = {https://ui.adsabs.harvard.edu/abs/2021ApJ...915...21R},
      adsnote = {Provided by the SAO/NASA Astrophysics Data System}
}


@ARTICLE{izotov+12,
       author = {{Izotov}, Y.~I. and {Thuan}, T.~X. and {Guseva}, N.~G.},
        title = "{Hunting for extremely metal-poor emission-line galaxies in the Sloan Digital Sky Survey: MMT and 3.5 m APO observations}",
      journal = {\aap},
     keywords = {galaxies: abundances, galaxies: irregular, galaxies: evolution, galaxies: ISM, HII regions, ISM: abundances, Astrophysics - Cosmology and Nongalactic Astrophysics},
         year = 2012,
        month = oct,
       volume = {546},
          eid = {A122},
        pages = {A122},
          doi = {10.1051/0004-6361/201219733},
archivePrefix = {arXiv},
       eprint = {1207.5971},
 primaryClass = {astro-ph.CO},
       adsurl = {https://ui.adsabs.harvard.edu/abs/2012A&A...546A.122I},
      adsnote = {Provided by the SAO/NASA Astrophysics Data System}
}

@ARTICLE{james2+15,
       author = {{James}, Bethan L. and {Koposov}, Sergey and {Stark}, Daniel P. and {Belokurov}, Vasily and {Pettini}, Max and {Olszewski}, Edward W.},
        title = "{Uncovering blue diffuse dwarf galaxies}",
      journal = {\mnras},
     keywords = {galaxies: abundances, galaxies: dwarf, galaxies: evolution, galaxies: irregular, galaxies: star formation, Astrophysics - Astrophysics of Galaxies},
         year = 2015,
        month = apr,
       volume = {448},
       number = {3},
        pages = {2687-2703},
          doi = {10.1093/mnras/stv175},
archivePrefix = {arXiv},
       eprint = {1411.7371},
 primaryClass = {astro-ph.GA},
       adsurl = {https://ui.adsabs.harvard.edu/abs/2015MNRAS.448.2687J},
      adsnote = {Provided by the SAO/NASA Astrophysics Data System}
}

@ARTICLE{cooke+15,
       author = {{Cooke}, Ryan J. and {Pettini}, Max and {Jorgenson}, Regina A.},
        title = "{The Most Metal-poor Damped Ly{\ensuremath{\alpha}} Systems: An Insight into Dwarf Galaxies at High-redshift}",
      journal = {\apj},
     keywords = {galaxies: abundances, galaxies: dwarf, galaxies: evolution, Local Group, quasars: absorption lines, Astrophysics - Astrophysics of Galaxies},
         year = 2015,
        month = feb,
       volume = {800},
       number = {1},
          eid = {12},
        pages = {12},
          doi = {10.1088/0004-637X/800/1/12},
archivePrefix = {arXiv},
       eprint = {1406.7003},
 primaryClass = {astro-ph.GA},
       adsurl = {https://ui.adsabs.harvard.edu/abs/2015ApJ...800...12C},
      adsnote = {Provided by the SAO/NASA Astrophysics Data System}
}


@ARTICLE{DZ+03,
       author = {{Dessauges-Zavadsky}, M. and {P{\'e}roux}, C. and {Kim}, T. -S. and {D'Odorico}, S. and {McMahon}, R.~G.},
        title = "{A homogeneous sample of sub-damped Lyman {\ensuremath{\alpha}} systems - I. Construction of the sample and chemical abundance measurements}",
      journal = {\mnras},
     keywords = {galaxies: abundances, galaxies: high-redshift, quasars: absorption lines, quasars: general, Astrophysics},
         year = 2003,
        month = oct,
       volume = {345},
       number = {2},
        pages = {447-479},
          doi = {10.1046/j.1365-8711.2003.06949.x},
archivePrefix = {arXiv},
       eprint = {astro-ph/0307049},
 primaryClass = {astro-ph},
       adsurl = {https://ui.adsabs.harvard.edu/abs/2003MNRAS.345..447D},
      adsnote = {Provided by the SAO/NASA Astrophysics Data System}
}

@ARTICLE{ellison+10,
       author = {{Ellison}, Sara L. and {Prochaska}, J. Xavier and {Hennawi}, Joseph and {Lopez}, Sebastian and {Usher}, Christopher and {Wolfe}, Arthur M. and {Russell}, David M. and {Benn}, Chris R.},
        title = "{The nature of proximate damped Lyman {\ensuremath{\alpha}} systems}",
      journal = {\mnras},
     keywords = {galaxies: abundances, galaxies: high redshift, galaxies: ISM, quasers: absorption lines, Astrophysics - Cosmology and Nongalactic Astrophysics},
         year = 2010,
        month = aug,
       volume = {406},
       number = {3},
        pages = {1435-1459},
          doi = {10.1111/j.1365-2966.2010.16780.x},
archivePrefix = {arXiv},
       eprint = {1004.2715},
 primaryClass = {astro-ph.CO},
       adsurl = {https://ui.adsabs.harvard.edu/abs/2010MNRAS.406.1435E},
      adsnote = {Provided by the SAO/NASA Astrophysics Data System}
}

@ARTICLE{dutta+14,
       author = {{Dutta}, R. and {Srianand}, R. and {Rahmani}, H. and {Petitjean}, P. and {Noterdaeme}, P. and {Ledoux}, C.},
        title = "{A study of low-metallicity DLAs at high redshift and C II* as a probe of their physical conditions}",
      journal = {\mnras},
     keywords = {galaxies: abundances, galaxies: evolution, quasars: absorption lines, Astrophysics - Astrophysics of Galaxies, Astrophysics - Cosmology and Nongalactic Astrophysics},
         year = 2014,
        month = may,
       volume = {440},
       number = {1},
        pages = {307-326},
          doi = {10.1093/mnras/stu260},
archivePrefix = {arXiv},
       eprint = {1402.2975},
 primaryClass = {astro-ph.GA},
       adsurl = {https://ui.adsabs.harvard.edu/abs/2014MNRAS.440..307D},
      adsnote = {Provided by the SAO/NASA Astrophysics Data System}
}

@ARTICLE{pettini+08,
       author = {{Pettini}, Max and {Zych}, Berkeley J. and {Steidel}, Charles C. and {Chaffee}, Fred H.},
        title = "{C, N, O abundances in the most metal-poor damped Lyman alpha systems}",
      journal = {\mnras},
     keywords = {galaxies: abundances, galaxies: evolution, galaxies: ISM, cosmology: observations, quasars: absorption lines, Astrophysics},
         year = 2008,
        month = apr,
       volume = {385},
       number = {4},
        pages = {2011-2024},
          doi = {10.1111/j.1365-2966.2008.12951.x},
archivePrefix = {arXiv},
       eprint = {0712.1829},
 primaryClass = {astro-ph},
       adsurl = {https://ui.adsabs.harvard.edu/abs/2008MNRAS.385.2011P},
      adsnote = {Provided by the SAO/NASA Astrophysics Data System}
}

@ARTICLE{morrison+16,
       author = {{Morrison}, Sean and {Kulkarni}, Varsha P. and {Som}, Debopam and {DeMarcy}, Bryan and {Quiret}, Samuel and {P{\'e}roux}, Celine},
        title = "{Element Abundances in a Gas-rich Galaxy at z = 5: Clues to the Early Chemical Enrichment of Galaxies}",
      journal = {\apj},
     keywords = {galaxies: abundances, galaxies: evolution, galaxies: high-redshift, quasars: absorption lines, Astrophysics - Astrophysics of Galaxies},
         year = 2016,
        month = oct,
       volume = {830},
       number = {2},
          eid = {158},
        pages = {158},
          doi = {10.3847/0004-637X/830/2/158},
archivePrefix = {arXiv},
       eprint = {1603.03492},
 primaryClass = {astro-ph.GA},
       adsurl = {https://ui.adsabs.harvard.edu/abs/2016ApJ...830..158M},
      adsnote = {Provided by the SAO/NASA Astrophysics Data System}
}

@ARTICLE{srianand+10,
       author = {{Srianand}, R. and {Gupta}, N. and {Petitjean}, P. and {Noterdaeme}, P. and {Ledoux}, C.},
        title = "{Detection of 21-cm, H$_{2}$ and deuterium absorption at z > 3 along the line of sight to J1337+3152}",
      journal = {\mnras},
     keywords = {galaxies: abundances, quasars: absorption lines, quasars: individual: SDSS J133724.69+315254.55, Astrophysics - Cosmology and Nongalactic Astrophysics},
         year = 2010,
        month = jul,
       volume = {405},
       number = {3},
        pages = {1888-1900},
          doi = {10.1111/j.1365-2966.2010.16574.x},
archivePrefix = {arXiv},
       eprint = {1002.4620},
 primaryClass = {astro-ph.CO},
       adsurl = {https://ui.adsabs.harvard.edu/abs/2010MNRAS.405.1888S},
      adsnote = {Provided by the SAO/NASA Astrophysics Data System}
}

@ARTICLE{mesa,
       author = {{Paxton}, Bill and {Bildsten}, Lars and {Dotter}, Aaron and {Herwig}, Falk and {Lesaffre}, Pierre and {Timmes}, Frank},
        title = "{Modules for Experiments in Stellar Astrophysics (MESA)}",
      journal = {\apjs},
     keywords = {methods: numerical, stars: evolution, stars: general, Astrophysics - Solar and Stellar Astrophysics, Astrophysics - Instrumentation and Methods for Astrophysics},
         year = 2011,
        month = jan,
       volume = {192},
       number = {1},
          eid = {3},
        pages = {3},
          doi = {10.1088/0067-0049/192/1/3},
archivePrefix = {arXiv},
       eprint = {1009.1622},
 primaryClass = {astro-ph.SR},
       adsurl = {https://ui.adsabs.harvard.edu/abs/2011ApJS..192....3P},
      adsnote = {Provided by the SAO/NASA Astrophysics Data System}
}

@article{seaborn,
    doi = {10.21105/joss.03021},
    url = {https://doi.org/10.21105/joss.03021},
    year = {2021},
    publisher = {The Open Journal},
    volume = {6},
    number = {60},
    pages = {3021},
    author = {Michael L. Waskom},
    title = {seaborn: statistical data visualization},
    journal = {Journal of Open Source Software}
 }
